2852 4152
254 532 433 613 theatrum,
468 535 501 596 et
526 529 661 611 amplior
683 531 766 594 bene
790 529 830 594 de
853 529 958 596 literis
981 532 1125 597 merendi
1149 552 1216 598 ma·

253 639 341 704 teria
364 639 575 721 contingeret.
612 639 657 702 Et
680 637 806 702 solebat
822 637 882 702 hoc
905 637 1060 720 imprimis
1077 640 1218 706 libenter

253 765 412 828 usurpare
439 745 649 825 sermonibus,
665 764 726 811 neo
740 745 833 810 modo
849 745 1072 826 providentiae
1089 746 1217 813 divinae

255 855 297 920 de
326 873 363 919 se
391 858 458 918 tam
484 855 567 918 bene
589 853 725 918 meritae
747 852 986 934 praedicandae
1014 872 1126 934 causa,
1160 855 1218 920 sed

254 961 364 1041 etiam,
386 964 422 1025 ut
437 959 518 1024 anos
534 959 746 1040 confirmaret,
771 964 929 1025 eteorum
951 979 1041 1042 spem
1065 962 1107 1026 ad
1129 961 1217 1027 illius

254 1067 479 1150 providentiae
500 1067 673 1148 benignam
694 1067 886 1148 sapientiam
904 1072 1117 1148 converteret,
1137 1069 1218 1134 nihil

256 1176 319 1241 sibi
342 1175 495 1254 omnium,
523 1192 605 1254 quae
628 1174 733 1238 animo
760 1192 818 1239 suo
848 1173 910 1240 sibi
939 1175 1151 1256 destinasset,
1182 1183 1215 1242 et

255 1283 290 1348 in
325 1301 444 1364 magna
478 1281 645 1346 felicitatis
672 1285 766 1362 parte
794 1283 971 1363 expetisset
999 1283 1094 1367 (qnae
1116 1285 1217 1349 multa

255 1389 333 1456 mihi
356 1389 555 1470 permultas
579 1388 774 1469 occasiones
800 1389 898 1454 etiam
913 1409 985 1454 mea
1000 1408 1109 1470 causa,
1134 1409 1215 1456 eom-

256 1495 469 1578 memorabat)
498 1495 688 1578 contigisse,
718 1496 776 1562 sed
804 1496 910 1561 omnia
933 1497 1011 1578 alia,
1040 1497 1125 1564 votis
1150 1498 1217 1562 suis

257 1622 296 1670 ao
324 1623 380 1684 spe
402 1604 534 1669 maiora.
581 1605 623 1669 In
650 1603 764 1684 quibus
792 1604 929 1669 maxime
955 1607 1095 1685 ponebat
1129 1605 1219 1670 illum

257 1710 485 1779 Vinariensem
516 1729 635 1776 casum.
686 1711 773 1775 Nam
802 1715 927 1776 mortuo
957 1711 1127 1778 Guilielmo
1156 1713 1216 1776 Er-

257 1824 352 1885 nesto
375 1818 482 1899 Duce,
512 1837 582 1883 oum
605 1802 843 1883 Mareschalius
871 1820 912 1883 ab
937 1819 1218 1885 administratione

257 1925 477 2007 reipublicae
500 1929 688 2006 summotnS,
717 1925 886 2006 multique,
915 1930 952 1990 ot
978 1925 1029 2007 fit,
1057 1945 1122 1993 una
1149 1928 1218 1992 loeo

258 2033 343 2115 pulsi
367 2036 491 2113 essent,
522 2032 576 2112 qni
606 2031 674 2096 eius
704 2032 813 2114 gratia
835 2033 939 2098 locum
962 2053 1053 2098 suum
1081 2035 1217 2100 obtinui·

258 2145 379 2221 essent,
394 2141 513 2204 malum
533 2138 613 2204 iilud
629 2138 727 2203 etiam
743 2137 923 2204 Gesnerum
939 2141 1077 2224 contigit
1088 2148 1220 2224 praeter

258 2248 359 2330 ipsios
396 2251 428 2312 et
462 2246 601 2312 omnium
635 2244 824 2326 opinionem.
874 2247 1006 2313 Etenim
1039 2249 1086 2314 ita
1116 2250 1220 2315 etiam

257 2355 335 2422 novi
357 2353 520 2436 Principis
543 2353 652 2435 gratia
680 2353 843 2433 floruerat,
874 2357 911 2417 ut
939 2373 1010 2419 enm
1039 2361 1126 2422 certe
1154 2357 1217 2422 sal-

258 2483 334 2529 vum
369 2481 485 2543 omnes,
514 2461 607 2526 multi
634 2461 732 2527 etiam
758 2459 996 2526 honoratiorem
1025 2462 1095 2528 fore
1124 2469 1217 2545 puta-

259 2574 343 2637 rent.
389 2568 535 2634 Amabat
563 2569 722 2648 Princeps
755 2567 882 2632 literas:
919 2571 1158 2636 commendatus
1190 2571 1219 2636 ei

258 2676 424 2744 Gesnerus
459 2681 530 2742 erat
565 2676 758 2756 aBuddco,
790 2692 851 2754 quo
878 2681 1089 2757 praeceptore
1118 2696 1216 2758 qnon-

260 2787 334 2851 dam
372 2784 469 2850 Halis
508 2785 665 2866 Princeps
694 2803 772 2850 usus
814 2790 901 2852 erat:
944 2805 1041 2868 saepe
1076 2786 1106 2852 ei
1139 2785 1217 2851 libe·

257 2893 417 2960 ralissime
439 2893 641 2976 promiserat,
673 2893 818 2974 aliasque
851 2893 1089 2963 benivolentiae
1118 2892 1217 2975 signi-

155 3003 164 3023 ·
258 3002 426 3069 ficationes
464 3001 608 3066 dederat.
658 3001 807 3069 Venerat
844 3001 1014 3083 aliquando
1054 3000 1097 3066 ad
1135 3019 1216 3079 eum,

258 3109 314 3190 qui
342 3110 512 3174 thesauros
542 3109 613 3174 auri
643 3113 740 3189 atque
770 3109 899 3192 argenti
927 3108 1082 3174 maximos
1111 3106 1218 3188 aliquo

257 3216 328 3282 loco
352 3216 475 3282 diceret
497 3216 610 3298 latero,
643 3234 762 3297 eosque
792 3235 828 3282 se
856 3216 1028 3299 indagatos
1059 3220 1130 3280 arte
1161 3233 1220 3280 sua

259 3327 424 3390 eruturum
452 3323 664 3406 promitteret.
711 3324 861 3406 Benigne
896 3327 1028 3404 accepta
1063 3327 1134 3388 erat
1162 3321 1220 3386 im·

193 3431 398 3621 Tpostoris
450 3429 611 3497 romissio:
643 3429 713 3512 ipse
759 3431 834 3496 dum
883 3429 1029 3496 erficeret
1074 3427 1209 3494 romissa

660 3677 821 3730 ..14-.
