2852 4152
206 489 213 573 i
237 533 377 578 uxorem
400 512 559 578 cariorem
583 513 700 577 acerba
723 514 830 576 morte
853 511 1043 576 amiserunt.
1072 513 1201 578 Etenim
1232 503 1236 586 ῗ,

237 642 326 706 quae
350 621 503 701 cogitatio
534 620 577 684 ab
609 619 716 700 initi0,
749 619 782 683 in
804 619 978 699 viriditate,
1006 620 1127 698 luctus,
1156 622 1202 685 ita
1232 601 1236 616 ’

238 729 412 811 perturbat
436 747 474 791 ac
490 745 640 792 moerore
663 725 794 790 conficit
810 725 947 806 animos,
972 730 1009 790 ut
1029 747 1085 791 eos
1103 728 1201 792 etiam
1233 769 1236 816 3

238 853 378 899 avocare
417 837 449 898 et
486 837 631 898 avertere
669 832 712 896 ab
746 832 804 896 tali
839 832 1035 913 cogitatione
1069 855 1201 900 necesse
1234 862 1235 868 ¹

238 941 400 1020 habeant,
429 959 469 1004 ea
496 940 668 1022 paullatim
696 938 812 1021 accipit
840 939 1033 1004 suavitatem
1062 943 1200 1022 tantam,
1234 970 1237 986 =

207 1119 213 1137 4
241 1054 278 1113 ut
305 1069 379 1114 eam
408 1049 507 1113 etiarn
530 1048 758 1113 oblectationis
788 1065 888 1112 causa
918 1047 980 1111 sibi
1002 1051 1201 1131 proponant,
1235 1035 1238 1088 ἶ

207 1140 213 1259 ξ
242 1155 336 1238 eique
357 1156 569 1220 libentissime
590 1156 790 1235 indulgeant.
836 1153 988 1222 Profecto
1015 1155 1097 1220 haec
1124 1156 1203 1220 dum

207 1278 214 1353 ξ
242 1263 369 1347 scripsi,
398 1263 608 1329 recensendis
636 1264 747 1328 animo
775 1267 807 1328 et
828 1265 992 1330 intuendis
1015 1263 1074 1328 viri
1098 1264 1202 1342 bonis,

207 1356 214 1432 l
240 1375 337 1435 tanta
364 1391 431 1435 non
458 1371 559 1436 modo
581 1369 749 1454 voluptate
776 1371 929 1454 perfusus
952 1391 1041 1450 sum,
1070 1374 1107 1434 ut
1130 1370 1204 1435 Tibi

209 1497 340 1560 ,saepe
379 1477 500 1558 gratias
537 1477 653 1543 tacitas
692 1477 827 1558 egerim,
863 1479 920 1560 qui
950 1499 1003 1542 me
1041 1477 1084 1542 ad
1118 1478 1204 1548 hanc

240 1586 455 1667 scriptionem
478 1586 676 1668 impulisses,
706 1587 763 1651 sed
792 1586 890 1651 etiam
914 1588 1050 1651 caritate
1072 1585 1130 1650 viri
1154 1585 1203 1648 in·

209 1691 213 1757 ἶ
241 1711 376 1773 census,
413 1697 464 1773 ut,
494 1712 569 1758 curn
600 1693 741 1757 maxime
772 1694 924 1774 amarim,
956 1697 1067 1759 tamen
1099 1693 1202 1758 multo

209 1827 214 1837 r
240 1799 346 1880 magis
362 1820 464 1882 quam
485 1803 584 1865 antea
599 1820 711 1864 amare
728 1799 908 1866 Gesnerum
923 1800 1059 1868 viderer.
1088 1800 1203 1882 ltaque
1236 1823 1237 1828 ¹

210 1897 291 1970 vv1Te
318 1926 467 1988 quoque,
503 1910 537 1970 et
565 1907 753 1988 quicunque
780 1907 863 1971 baec
893 1907 1043 1988 legerint,
1073 1908 1118 1972 ita
1144 1909 1203 1972 ad-

210 1998 348 2077 {fectos
378 2015 420 2078 ab
448 2013 511 2078 hac
534 2013 675 2078 lectione
698 2013 896 2080 discessuros
925 2016 1071 2096 confide,
1100 2020 1138 2080 ut
1161 2017 1204 2081 ad

241 2119 416 2201 pristinum
449 2120 489 2184 de
521 2120 665 2202 Gesnero
693 2120 849 2186 iudicium
875 2141 1079 2204 quamquam
1107 2143 1204 2206 prae·

211 2207 381 2328 {clarum
421 2227 755 2310 benivolentiamque,
795 2249 948 2310 magnam
983 2231 1204 2295 accessionem

240 2335 362 2399 iactam
385 2335 539 2402 sentiant.

309 2443 415 2508 Natus
444 2448 495 2509 est
522 2463 552 2508 a.
576 2445 753 2526 superioris
782 2446 879 2510 seculi
908 2465 975 2510 uno
1001 2450 1033 2511 et
1056 2466 1204 2528 nonage-

211 2549 326 2614 simo
356 2551 389 2614 in
412 2551 596 2615 Franconia
617 2548 729 2634 villa*)
757 2572 859 2634 prope
885 2552 1116 2636 Noribergam,
1146 2553 1205 2618 sed
1237 2593 1240 2598 -

212 2647 463 2741 {Anspaeensis
492 2659 637 2738 ditionis,
673 2663 766 2741 patre
800 2659 849 2725 lo,
877 2660 1038 2739 Samuele,
1074 2661 1131 2742 qui
1160 2660 1204 2724 ibi

213 2756 218 2838 ᾗ
242 2784 339 2829 sacra
355 2764 495 2829 faciebat
510 2785 631 2847 magna
655 2784 731 2830 cum
753 2767 934 2830 sanctitatis
957 2767 1064 2832 laude.
1097 2766 1204 2848 Hujus
1238 2748 1241 2758 “

213 2857 218 2920 3
245 2872 286 2936 de
309 2873 489 2937 maioribus
513 2873 574 2937 etsi
597 2873 676 2937 nihil
696 2875 775 2938 certi
794 2893 931 2956 possum
955 2875 1095 2954 tradere,
1117 2875 1204 2937 unde
1237 2911 1241 2950 ÷

213 2963 217 3043 i
242 2977 383 3061 planum
417 2979 490 3058 fiat,
525 2998 569 3042 an
597 2997 673 3043 cum
703 2999 824 3062 magno
854 2980 906 3044 illo
934 2979 1088 3045 Conrado
1113 2999 1204 3044 com·
1237 2976 1242 3054 ἶ

213 3065 362 3168 {munes
399 3086 539 3166 origines
578 3090 692 3151 noster
729 3087 894 3165 habuerit;
932 3091 1044 3151 tamen
1083 3089 1125 3152 ab
1164 3106 1204 3150 eo
1236 3105 1240 3161 ρ

212 3173 218 3300 s}
243 3195 379 3260 memini
403 3194 483 3259 mihi
506 3199 583 3259 ante
606 3195 729 3259 multos
752 3214 858 3260 annos
882 3195 988 3275 scribi,
1013 3214 1049 3258 se
1065 3195 1205 3278 vestigiis

213 3323 459 3392 ,m-

214 3405 219 3522 {
316 3423 341 3494 *l
362 3423 412 3478 Cui
430 3437 529 3476 nomen
548 3428 591 3476 est
608 3421 690 3476 Roth.
