2852 4152
210 563 317 628 tiones
343 565 375 626 et
398 562 561 645 Epistulas
587 561 767 642 Ciceronis,
796 563 833 625 ut
856 581 959 626 unum
984 564 1016 626 et
1038 563 1175 627 alterum

210 671 330 736 librum
360 669 575 752 epistolarum
610 689 676 733 uno
709 673 834 752 tenore,
871 669 958 734 senis
986 689 1046 752 per
1073 689 1175 733 unam

210 778 420 841 hebdomada
444 777 570 842 dierum
593 777 693 858 horis,
719 778 969 860 explicaremus:
993 777 1032 841 iis
1052 776 1175 841 mensis

173 901 174 904 ’
211 885 277 948 1010
306 884 403 947 unius
432 885 538 967 spatio
567 885 742 964 absolutis,
773 886 890 949 eodem
917 885 1018 949 modo
1047 883 1176 966 aliquot

212 991 376 1055 orationes
413 988 659 1056 enarrabamus.
707 993 755 1056 lta
789 995 937 1057 vertente
966 1011 1070 1071 anno,
1101 1009 1174 1056 oum

174 1151 175 1154 ,
212 1120 342 1164 summa
366 1121 476 1166 rerum
500 1104 648 1164 actarum
672 1087 775 1182 fieret,
801 1101 972 1164 dimidium
994 1101 1082 1164 certe
1109 1099 1174 1180 epi·

211 1208 371 1271 stolarum
394 1208 558 1287 volumen,
589 1211 621 1272 et
656 1208 798 1276 sedecim
826 1207 966 1290 amplius
999 1207 1174 1286 orationes

212 1314 381 1380 absolutas
410 1316 593 1380 constabat.
645 1316 726 1380 Item
753 1335 828 1380 cum
856 1316 956 1379 libros
985 1315 1025 1378 de
1053 1313 1175 1378 Officiis

166 1475 167 1478 ,
211 1423 505 1504 proposuissemus,
530 1423 676 1503 singulos
699 1422 800 1486 libros
824 1441 892 1486 una
916 1420 1174 1501 continuatione,

212 1550 251 1593 eo
276 1549 343 1612 quo
369 1530 507 1594 diximus
529 1531 639 1611 mod0,
665 1531 918 1613 explicabamus,
948 1531 983 1593 ut
1008 1528 1175 1593 intervalla

211 1657 278 1701 non
292 1638 436 1719 capitum
453 1642 484 1701 et
495 1658 671 1721 parvarum
682 1637 928 1720 particularum,
946 1636 1005 1701 sed
1016 1635 1175 1700 librorum

211 1744 336 1808 fierent,
384 1745 497 1827 ltaque
532 1747 588 1827 qui
623 1748 763 1827 quatuor
797 1747 855 1808 aut
889 1747 955 1808 tres
990 1763 1097 1807 annos
1126 1741 1175 1806 usi

211 1855 306 1916 erant
329 1852 498 1934 disciplina
521 1856 643 1928 nostra,
669 1853 859 1918 Ciceronem
882 1871 951 1916 non
975 1871 1015 1916 ex
1038 1850 1175 1914 articulo

211 1979 278 2023 uno
303 1963 334 2024 et
357 1959 435 2023 item
459 1960 573 2036 altem,
597 1960 655 2024 sed
677 1979 858 2042 permagna
874 1959 925 2024 sui
941 1953 1035 2042 parte
1051 1977 1175 2040 cogno-

211 2070 340 2132 verant:
359 2087 499 2149 eamque
515 2067 675 2131 rationem
688 2065 853 2148 discipulis
866 2065 985 2130 nostris
997 2063 1177 2148 plurimum

211 2175 279 2238 scio
309 2178 339 2238 et
374 2176 416 2238 ad
451 2174 698 2258 intelligendum
727 2177 760 2238 et
787 2175 830 2238 ad
858 2173 1070 2238 scribendum
1097 2192 1176 2255 pro-

211 2280 322 2347 fuisse.
362 2282 495 2347 Licebat
522 2287 634 2346 autern
662 2282 756 2346 nobis
784 2282 817 2346 in
841 2282 896 2346 illa
917 2282 1035 2347 Schola
1057 2281 1176 2346 talibus

211 2389 366 2453 institutis
399 2389 460 2470 uti,
486 2389 574 2471 quod
603 2390 792 2454 carebamus
820 2389 946 2454 miseris
978 2389 1038 2453 illis
1066 2389 1175 2472 legum

211 2496 365 2576 vinculiS,
412 2497 530 2579 quibus
574 2497 607 2560 in
648 2497 718 2560 aliis
761 2496 885 2561 Scholis
926 2495 1059 2561 obnoxii
1099 2499 1175 2560 sunt

212 2604 308 2668 etiam
336 2604 414 2668 boni
438 2609 683 2687 praeceptores,
715 2608 751 2668 ut
780 2624 848 2668 non
875 2604 1003 2688 possint
1030 2603 1096 2668 suis
1124 2604 1174 2668 in-

171 2741 173 2750 2
211 2713 331 2776 stitutis
360 2712 422 2776 uti:
452 2715 483 2776 et
510 2713 543 2776 id
571 2712 771 2777 faciebamus
802 2711 995 2777 inconsultis
1023 2711 1075 2794 iis,
1106 2709 1196 2794 qui,

212 2819 252 2883 de
280 2840 386 2899 more,
415 2819 639 2902 inspectorum
669 2839 791 2884 nomen
823 2820 952 2885 ferrent.
1004 2819 1174 2902 Deylingio

210 2926 345 2990 memini
375 2947 427 2991 me
457 2927 521 2991 hoc
543 2947 692 3008 narrare,
725 2927 940 3010 cumplures
971 2927 1034 2992 iam
1065 2946 1173 2990 annos

210 3033 264 3098 illa
294 3035 421 3100 ratione
452 3055 531 3100 usus
561 3057 660 3100 eram.
710 3037 793 3102 Cum
817 3036 845 3098 ei
870 3055 1025 3100 excusare
1047 3033 1173 3099 factum

210 3141 424 3222 instituerem,
453 3144 505 3207 ille
533 3163 610 3208 vero
639 3143 736 3209 etiam
764 3163 817 3207 me
844 3143 1024 3226 prudenter
1047 3141 1173 3222 fecisse,

212 3249 330 3313 aiebat.
376 3250 460 3314 Nam
483 3249 686 3313 consulendo
710 3269 808 3332 saepe
831 3250 920 3314 bona
945 3247 1080 3313 consilia
1103 3268 1174 3314 cor-

211 3357 329 3438 rumpi.
365 3357 418 3422 Me
442 3377 518 3422 vero
542 3357 660 3420 rectius
683 3356 925 3439 Inspectoribus
948 3355 1101 3420 omnibus
1123 3356 1174 3418 in·
1197 3409 1198 3412 ,

211 3462 366 3547 telligere,
393 3467 479 3529 certe
504 3465 632 3548 debere,
657 3463 736 3547 quid
759 3467 842 3529 esset
865 3461 945 3527 utile
968 3462 1134 3529 iuventuti.
