2852 4152
220 451 392 533 quondam
418 449 631 536 Askeivum*)
659 453 854 518 Britannum
881 453 919 519 V.
943 455 994 535 G,
1023 454 1079 536 qui
1107 471 1182 518 cum

219 558 254 620 in
285 557 545 640 peregrinatione
572 559 614 622 ab
643 579 682 624 eo
710 560 753 624 ad
785 580 838 624 me
866 560 1022 639 venisset,
1050 560 1093 623 ad
1116 561 1181 642 pri-

221 684 312 728 mam
338 665 479 729 nominis
508 665 697 730 Gesneriani
731 668 940 745 mentionem,
973 667 1007 730 in
1042 667 1183 731 admira·

221 771 346 836 tionem
368 791 436 837 non
459 772 558 836 modo
582 773 764 852 doctrinae,
789 775 845 838 sed
873 773 1100 853 humanitatis,
1125 773 1184 836 sed

223 878 411 960 elegantiae,
430 881 489 944 sed
502 879 666 944 suavitatis
679 881 813 958 effusus,
828 879 932 960 tutem,
949 881 1064 962 inquit,
1076 879 1185 944 uirum

222 1005 396 1067 nunquam
428 987 502 1052 vidi.
558 987 650 1051 Adeo
689 988 742 1052 ille
780 987 900 1067 ingenii
945 991 977 1052 et
1016 987 1185 1051 doctrinae

223 1095 482 1176 magnitudinem
510 1094 609 1158 etiam
633 1095 775 1158 externis
803 1094 863 1159 illis
892 1094 986 1158 honis
1012 1095 1184 1177 aequabat.

227 1199 296 1279 Ego
335 1205 446 1265 autern
480 1201 647 1282 quomodo
685 1221 754 1264 non
779 1202 965 1283 ,praecipuo
1002 1205 1033 1266 et
1067 1203 1184 1266 acerbo

226 1307 340 1372 dolore
364 1309 529 1372 excrucier
551 1309 584 1372 in
601 1309 692 1373 istius
709 1311 824 1389 morte,
849 1309 905 1390 qui
927 1329 980 1373 me
996 1310 1185 1373 adolescen-

223 1417 302 1494 tem,
324 1419 360 1478 ut
374 1415 517 1497 primum
537 1416 624 1495 vidit,
647 1420 678 1479 et
695 1416 734 1479 de
750 1415 848 1478 literis
865 1435 992 1480 mecum
1010 1417 1185 1480 collocutus

226 1525 285 1600 est,
314 1522 359 1585 ita
383 1524 548 1586 adamavit
574 1527 606 1586 et
634 1523 790 1600 laudavit,
819 1527 855 1586 ut
884 1523 1037 1586 omnibus
1065 1543 1186 1605 aequa-

226 1629 320 1708 libus,
350 1629 448 1693 etiam
472 1651 545 1694 cum
568 1630 688 1693 invidia
711 1630 856 1710 quadam
876 1649 945 1708 sua,
962 1631 1072 1712 palam
1092 1651 1187 1712 prae·

224 1736 336 1815 ferret,
366 1755 509 1817 quocum
536 1741 601 1800 tres
625 1734 784 1817 annos**)
813 1737 847 1800 in
879 1737 991 1800 schola
1015 1737 1188 1800 Thomana

226 1843 491 1908 coniunctissime
519 1848 551 1908 et
575 1844 762 1907 suavissime
786 1843 863 1922 rixi,
891 1848 968 1925 post
991 1849 1103 1908 autem
1130 1863 1188 1926 per

226 1949 343 2014 XXVII
370 1971 475 2016 annos
505 1952 679 2016 amicitiam
708 1952 910 2016 sanctissime
943 1953 1041 2030 colui,
1077 1953 1187 2016 animo

224 2058 376 2140 denique,
404 2060 579 2137 voluntate,
610 2078 648 2124 ac
671 2079 770 2124 sensu
794 2062 834 2124 de
858 2059 959 2124 literis
983 2061 1070 2142 ipsis,
1096 2061 1188 2123 etde

225 2167 325 2230 rebus
350 2167 518 2245 omnibus,
547 2168 593 2230 ita
621 2167 815 2231 coniunctus
844 2168 903 2247 fui,
932 2171 969 2232 ut
996 2169 1066 2250 ipse
1090 2186 1189 2248 saepe

224 2271 399 2337 miraretur
416 2276 545 2337 tantam
566 2273 816 2338 consensionem
839 2273 1044 2353 ingeniorum
1068 2277 1100 2337 et
1120 2274 1189 2336 ani-

226 2397 355 2442 morum
378 2383 575 2458 nostrorum,
599 2400 659 2444 nec
675 2381 775 2444 modo
799 2381 832 2443 in
849 2381 948 2444 literis
972 2382 1089 2444 adme
1113 2381 1189 2460 suis,

228 2485 287 2548 sed
310 2485 409 2549 etiam
432 2487 521 2567 apud
545 2487 636 2551 alios.
672 2485 715 2550 Et
737 2486 816 2549 nihil
840 2486 905 2550 dixi
928 2487 969 2550 de
992 2487 1059 2552 eius
1082 2487 1116 2550 in
1136 2506 1190 2550 me

228 2590 366 2669 meritis,
399 2611 484 2672 quae
515 2593 631 2672 multa,
665 2597 697 2656 et
724 2612 857 2672 magna,
894 2595 924 2656 et
958 2593 1101 2657 iucunda
1135 2613 1190 2657 ex-

230 2699 372 2762 titerunt.
413 2697 560 2776 Quarum
593 2719 704 2763 rerum
732 2720 831 2764 causa
859 2704 1063 2782 quantopere
1097 2699 1191 2764 illurn

296 2909 323 2980 *t
343 2909 477 2978 Anthony
499 2909 613 2977 Asken,
637 2908 789 2964 medicinae
812 2909 861 2963 Dr.
886 2910 1094 2980 (rina—1792)
1119 2910 1190 2964 Lon·

226 2998 285 3052 dini
306 2997 375 3053 vixit
397 2997 532 3053 librorum
554 3002 584 3052 et
605 2999 729 3053 codicum
755 2999 1002 3067 manuscriptorum
1019 2999 1100 3068 copia
1120 2998 1192 3052 inter

227 3087 355 3156 aequales
373 3089 541 3159 praeclarus.

287 3176 328 3246 **)
348 3178 382 3230 A.
398 3179 464 3230 1731
480 3175 591 3230 Ernesti
610 3182 753 3230 conrector
772 3182 799 3230 et
810 3182 957 3244 postquam
971 3175 1107 3230 Gesnerus
1123 3179 1191 3230 1734

230 3265 390 3333 Gottingam
418 3264 493 3333 abiit,
522 3264 580 3318 eius
605 3279 748 3318 successor
775 3271 865 3318 rector
891 3265 1006 3318 Scholae
1032 3265 1192 3320 Thomanae

230 3354 381 3424 Lipsiensis
400 3353 489 3408 sactus
509 3359 558 3407 est.
