2852 4152
243 498 352 580 libros,
369 497 396 565 si
411 499 563 581 perirent,
585 499 818 566 restituturtun.
847 499 1036 565 Latinarum
1052 504 1086 565 et
1102 499 1204 567 Grae·

245 627 352 673 carum
375 606 541 672 literarium
568 607 763 690 principibus
790 607 1000 672 adnumerare
1030 626 1120 672 nemo
1149 607 1204 672 du·

244 712 409 783 bitaverit.
445 717 576 796 Poetas,
598 715 764 796 Oratores,
782 714 973 796 Historicos
994 714 1204 797 Philosophus

244 822 316 904 pari
346 821 451 888 studio
482 843 520 887 ac
550 821 718 904 diligentia
746 823 881 905 legerat,
916 842 975 888 nec
1003 823 1106 888 minus
1136 821 1203 886 dili·

243 935 359 1012 genter
381 950 443 1012 res,
475 950 570 1010 quam
593 933 694 997 verba
724 936 894 997 tractarat.
941 933 1013 998 Nec
1035 931 1083 996 ita
1106 929 1203 996 admi-

243 1040 379 1104 rabatur
401 1042 539 1119 veteres,
564 1042 601 1102 ut
625 1042 853 1103 contemmeret
872 1037 1086 1102 recentiores..
1117 1037 1204 1102 Nam

243 1148 278 1209 et
300 1145 357 1210 hos
380 1143 515 1225 legendo
539 1149 745 1225 cognoverat.
782 1144 991 1226 Theologiam
1006 1163 1047 1209 ex
1062 1142 1205 1226 eleganti

243 1249 370 1316 Buddei
394 1248 563 1332 disciplina
586 1255 751 1332 acceptam
770 1270 931 1332 nunquam
947 1250 1121 1330 dimiserat,
1145 1268 1205 1314 nec

243 1362 316 1422 erat
329 1357 506 1448 ¹quicquam
528 1358 562 1424 in
585 1377 625 1423 ea
647 1357 829 1439 disciplina,
860 1357 944 1438 quod
971 1376 1042 1422 eum
1064 1356 1202 1438 fugeret.

243 1463 308 1530 Sed
334 1464 489 1530 laudabat
516 1463 741 1546 Theologiam,
772 1483 854 1545 quae
884 1481 902 1528 e
932 1463 1073 1528 fontibus
1103 1461 1204 1528 sacris

243 1572 349 1654 ducta,
374 1577 408 1637 11
429 1571 533 1638 literis
557 1577 672 1637 ornata
702 1576 797 1636 esset.
815 1655 824 1670 ,
844 1571 972 1638 Novam
998 1573 1081 1636 lianc
1104 1571 1202 1636 subti-

242 1679 369 1746 litatem
392 1681 680 1746 demonstratorum
703 1679 996 1762 metaphysicorum
1011 1699 1074 1746 non
1089 1679 1202 1760 magia,

243 1807 338 1868 quam
360 1793 503 1855 veterem
530 1787 617 1852 illam
645 1787 877 1867 scholasticam,
908 1788 1080 1869 probabat,
1111 1785 1203 1850 etin

242 1897 338 1960 rebus
361 1894 547 1976 theologicis
571 1899 707 1970 ἀσφαλειαν
730 1893 833 1974 magis
857 1896 897 1959 ab
925 1912 1020 1959 sensu
1047 1893 1202 1974 impresso

242 2022 301 2084 per
324 2003 500 2085 scripturas
525 2008 558 2068 11
577 2008 727 2085 agentem
743 2021 801 2084 per
817 2021 872 2067 eas
888 2001 1043 2084 spiritum
1058 2001 1091 2066 S.
1108 2019 1203 2081 quam

242 2111 282 2175 ab
306 2111 487 2177 subtilitate
511 2111 748 2177 demonstrandi
771 2111 926 2176 laudabat
952 2114 1049 2190 atque
1072 2114 1202 2191 expete·

241 2220 308 2283 bat.
355 2219 472 2299 Itaque
495 2217 551 2285 vix
578 2217 714 2298 ferebat,
743 2217 959 2283 testimonium
982 2217 1036 2298 Sp.
1062 2216 1094 2283 S.
1118 2216 1203 2296 quod

240 2344 391 2392 vocamus
414 2325 448 2390 in
471 2329 552 2406 arte,
577 2323 756 2406 repudiari,
782 2324 821 2389 de
845 2342 906 2404 quo
930 2322 1042 2404 etiam,
1068 2342 1131 2389 non
1153 2322 1202 2388 ita

240 2433 349 2500 multis
393 2439 469 2500 ante
510 2438 643 2498 mortem
684 2431 860 2512 mensibus,
894 2430 1201 2512 indignatiunculam
1262 2517 1266 2524 ι

240 2533 400 2622 quandam
423 2559 513 2606 suam
535 2538 640 2604 literis
663 2539 749 2620 apud
772 2557 822 2603 me
846 2536 967 2620 effudit,
992 2556 1085 2618 quem
1107 2537 1140 2602 in
1163 2555 1200 2601 eo

240 2648 302 2715 sibi
325 2648 576 2714 consentientem
599 2647 730 2712 sciebat.
771 2645 984 2730 Quaestiones
1008 2645 1200 2726 subtiliores,

240 2761 274 2821 et
297 2756 339 2820 ad
361 2774 514 2820 summam
537 2753 702 2835 religionis
725 2752 804 2818 nihil
826 2753 1035 2834 pertinentes
1052 2753 1109 2818 sed
1128 2771 1200 2817 con-

239 2862 417 2930 troversiae
440 2863 511 2944 plus
534 2881 629 2942 quam
644 2861 794 2928 veritatis
818 2865 852 2926 et
867 2860 1018 2926 utilitatis
1033 2861 1199 2941 habentes

239 2972 462 3038 aversabatur.
509 2972 627 3050 Itaque
654 2971 694 3035 de
723 2969 763 3034 iis
791 2969 1023 3051 disputationes
1052 2967 1152 3033 etiarn
1180 2987 1200 3032 a

239 3097 274 3144 11
297 3080 477 3159 amovebat,
501 3079 648 3160 negando
672 3098 706 3143 se
724 3079 920 3160 Theologum
943 3095 1022 3158 esse,
1046 3095 1122 3142 usus
1142 3095 1201 3158 per

238 3185 342 3251 iocum
369 3185 486 3251 Italico
515 3186 600 3252 Sinti
634 3187 733 3252 dicto:
770 3187 795 3252 J
797 3206 814 3251 0
844 3204 908 3251 non
935 3201 1011 3250 sono
1040 3184 1197 3264 Teologo:

239 3295 324 3374 quod
346 3292 413 3361 vidi
443 3294 541 3360 etiam
570 3294 604 3360 in
626 3299 753 3376 partem
776 3292 967 3359 deteriorem
989 3311 1048 3375 per
1070 3289 1198 3372 imperi-

239 3401 317 3467 tiam
339 3405 398 3467 aut
420 3401 654 3484 malignitatem
677 3402 772 3468 trahi.

156 3535 250 3644 ,Γ

609 3652 797 3704 ...30-
