2852 4152
224 564 413 641 amaverim,
431 567 462 627 et
478 563 511 626 in
527 564 642 628 eadem
657 564 710 627 illa
727 564 865 646 epistola
883 565 957 644 dixi,
975 567 1007 629 et
1030 566 1075 629 ita
1091 565 1187 646 vulgo

228 672 344 734 notum
367 669 436 749 fuit,
461 673 497 733 ut
518 670 617 733 etiam
640 671 762 734 amicus
780 671 914 752 quidam
931 691 1034 752 meus,
1059 672 1187 754 cognita

226 776 297 839 eius
313 779 428 856 morte,
453 776 563 840 statim
579 777 621 840 ad
637 796 690 840 me
707 778 888 857 accurrerit,
910 781 941 842 et
957 799 1016 860 per
1032 778 1186 860 ambages

224 903 280 947 me
304 884 441 947 adeam
465 884 725 965 cognoscendam
742 885 918 964 deduxerit,
940 905 991 966 ne,
1016 887 1186 968 repentino

225 990 370 1054 iacturae
397 994 509 1054 tantae
544 991 678 1069 nuncio,
713 991 948 1070 vehementius,
977 1011 1079 1072 quam
1104 1013 1185 1076 opus

223 1101 325 1177 esset,
352 1096 571 1179 perturbarer.

293 1204 371 1267 Erat
399 1206 511 1266 autem
544 1207 612 1266 tum
639 1221 753 1267 recens
785 1201 891 1267 adhuc
932 1204 1025 1268 dolor
1053 1203 1135 1267 alius
1168 1224 1186 1268 e

223 1315 333 1375 morte
356 1310 594 1392 Praeceptoris,
622 1311 718 1374 unius
747 1311 787 1374 de
817 1311 968 1375 omnihus
991 1311 1183 1393 superstitis,

223 1423 259 1483 et
281 1419 401 1501 optime
417 1419 457 1482 de
480 1438 533 1482 me
557 1419 671 1496 meriti,
688 1417 773 1484 Frid.
788 1417 918 1484 Gothilf.
935 1418 1105 1502 Freytagii,
1130 1421 1185 1501 qui

225 1526 380 1591 Scholam
413 1525 605 1590 Portensem
636 1526 727 1589 XXX
753 1525 892 1608 amplius
927 1546 1032 1592 annos
1063 1527 1185 1609 optime

223 1634 316 1712 rexit,
336 1636 367 1696 et
383 1633 452 1697 eius
464 1637 604 1697 veterem
620 1634 755 1713 gloriam
767 1653 872 1715 paene
884 1653 968 1698 unus
981 1635 1182 1700 sustentavit.

225 1742 303 1806 Erat
324 1741 421 1818 enim,
446 1745 482 1805 ut
504 1741 567 1804 alia
587 1742 677 1805 bona
699 1742 837 1820 mittam,
862 1741 1059 1806 Graecarum
1075 1747 1106 1806 et
1122 1741 1184 1805 La-

223 1849 370 1914 tinarum
400 1850 568 1913 literarum
600 1849 717 1913 eximia
749 1849 882 1912 scientia
916 1850 1098 1931 praeditus,
1134 1851 1183 1914 in-

224 1957 402 2038 primisque
427 1957 596 2038 exquisite.
611 1956 729 2020 iudicio
754 1957 931 2046 elegantiae
955 1957 989 2020 in
1011 1957 1183 2022 scribendo

223 2064 362 2128 valebat.
409 2064 469 2128 Hic
496 2064 620 2146 primus
636 2062 827 2128 >orationem
849 2083 957 2127 meam
983 2063 1079 2127 limae
1107 2083 1184 2127 suae

224 2171 393 2235 severitate
420 2171 584 2253 expolivit,
614 2170 701 2234 intra
729 2170 830 2234 iustos
858 2172 939 2234 fines
967 2170 1127 2251 redigere,
1153 2173 1184 2233 et

199 2359 200 2364 ἵ
225 2298 436 2342 numerosam
460 2279 588 2342 efficere
613 2279 733 2344 docuit.
768 2278 807 2342 Et
829 2278 971 2341 habebat
994 2277 1184 2340 admirabile

222 2386 397 2450 artificium
420 2377 624 2467 effingendae
648 2385 805 2450 orationis
825 2385 968 2466 puerilis,
992 2403 1060 2447 non
1083 2384 1183 2446 modo

224 2495 276 2567 iis,
302 2514 387 2574 quae
411 2495 532 2576 scripta
557 2497 678 2572 essent,
704 2491 914 2572 castigandis,
943 2511 1003 2574 pro
1028 2491 1183 2572 cuiusque

224 2601 347 2682 ingenii
371 2605 403 2664 et
427 2601 585 2664 facultatis
608 2599 716 2679 modo,
741 2599 799 2663 sed
823 2597 922 2661 etiam
945 2600 1055 2662 actum
1075 2597 1184 2679 ipsum

222 2711 258 2770 et
282 2707 377 2788 quasi
405 2707 513 2770 nisum
535 2705 705 2783 scribendi,
730 2708 761 2768 et
785 2704 1006 2768 elaborandae
1031 2704 1184 2768 orationis

223 2813 392 2891 adiuvans,
416 2811 656 2894 praecipiende,
678 2810 897 2889 admonenda
920 2810 1075 2888 cavendo,
1118 2811 1186 2876 Nec

220 2920 278 2982 alii
303 2920 500 2984 Graecarum
528 2919 695 2982 literarum
722 2937 869 2981 amorem
897 2917 1015 2997 debe0,
1044 2937 1185 3000 quarum

222 3027 453 3092 discendarum
468 3027 614 3091 studium
629 3025 683 3088 ille
699 3025 786 3104 mihi,
811 3026 853 3088 ab
870 3025 907 3089 iis
924 3026 1078 3106 alieniori,
1095 3027 1186 3108 quod

222 3134 269 3198 ad
305 3133 477 3197 consilium
511 3132 594 3196 vitae
630 3131 759 3216 futurae
789 3131 869 3194 nihil
896 3131 1074 3195 admodum
1108 3131 1185 3196 mihi

224 3241 433 3322 profuturas
468 3259 583 3322 passus
613 3258 702 3301 eram
729 3237 807 3301 mihi
835 3238 1037 3320 persuaderi,
1063 3259 1185 3321 oppor-

225 3348 367 3412 tunitate
391 3349 500 3430 aliqua
524 3367 617 3426 usus,
641 3347 687 3410 ita
711 3343 883 3410 efficaciter
905 3346 1026 3424 iniecit,
1056 3350 1090 3409 ut
1113 3351 1185 3428 post

222 3456 326 3519 etiam
364 3455 652 3552 intemperantiam
691 3454 833 3518 discendi
869 3471 1019 3517 coercere
1053 3471 1185 3517 necesse

627 3703 787 3753 ..3-

1085 3765 1106 3808 l.
