2852 4152
196 457 370 534 appareret
399 471 469 518 eum
497 452 641 535 gaudere
668 452 782 535 officio,
819 457 852 519 et
885 453 919 519 in
953 474 990 520 eo
1017 455 1158 522 fructum
1199 545 1200 548 Ἴ

195 560 355 627 amicitiae
377 579 507 643 ponere.
547 561 619 627 Nec
642 580 832 643 quemquam
855 562 924 628 eius
948 563 1100 629 auxilium
1123 562 1157 628 in

163 693 164 702 ¹
195 669 261 735 ulla
295 688 331 734 re
367 669 490 736 frustra
525 670 711 752 expetiisse,
747 670 822 752 scio,
852 670 941 737 cuius
969 671 1156 737 facultatem

192 777 338 842 haberet.
384 778 554 843 Interdum
577 795 641 842 non
664 777 786 858 optima
808 778 917 858 gratia
936 779 1153 844 referebatur:

192 902 251 950 nec
273 889 383 951 tamen
405 886 601 968 poenitebat.
645 886 722 967 Ipse
746 883 854 951 auteln
878 885 1028 968 quicquid
1051 886 1080 951 ci
1103 887 1156 953 vel

191 1011 211 1058 a
241 992 414 1058 maioribus
441 991 596 1074 beneficii,
624 993 676 1059 vel
705 995 745 1058 ab
769 992 879 1058 amicis
907 997 941 1057 et
968 993 1156 1074 aequalibus

192 1104 226 1165 et
248 1099 421 1166 minoribus
445 1099 556 1182 officii,
587 1099 741 1165 tributum
766 1105 865 1183 esset,
893 1100 941 1166 ita
963 1099 1153 1182 accipiebat,

190 1211 227 1272 ut
250 1207 348 1272 etiam
370 1206 480 1289 gratia
502 1211 648 1289 augeret,
676 1207 829 1273 memoria
859 1211 1018 1292 perpetua
1045 1226 1153 1288 prose·

190 1319 353 1396 queretur,
378 1319 413 1380 et
434 1314 468 1378 in
490 1313 643 1380 beneficio
667 1319 799 1396 accepto
822 1319 967 1397 poneret,
999 1315 1027 1381 si
1050 1333 1153 1380 remu-

190 1422 326 1486 nerandi
349 1425 472 1488 occasio
496 1423 606 1488 oblata
629 1427 716 1488 esset
738 1425 779 1488 ab
802 1422 853 1503 iis,
878 1423 992 1504 quibus
1009 1422 1151 1488 deberet.
1167 1449 1183 1471 ι

159 1549 160 1552 ’
257 1531 298 1596 In
326 1549 400 1596 suos
429 1529 631 1612 indulgentia
660 1529 793 1594 niirifica
820 1535 902 1611 erat,
932 1529 989 1595 sed
1012 1529 1152 1610 innoxia,

190 1643 223 1702 et
258 1656 340 1718 qliae
375 1637 473 1704 officii
506 1638 672 1720 gravitate
706 1637 879 1703 salubriter
905 1641 1151 1718 temperaretur.

188 1746 306 1826 Itaque
340 1745 433 1810 liberi
465 1743 692 1810 auctoritatem
724 1743 792 1809 eius
825 1744 874 1809 ita
907 1745 1150 1825 reverebantur,

187 1858 225 1917 ut
247 1857 353 1918 metus
378 1853 478 1918 omnis
502 1855 641 1934 abesset,
666 1871 736 1918 cum
759 1857 854 1934 patre
877 1871 943 1918 una
965 1852 1060 1932 inque
1078 1869 1150 1916 con-

187 1964 300 2040 spectu
325 1959 394 2025 eius
418 1979 500 2040 esse,
525 1959 641 2041 omnia,
666 1978 748 2039 quae
766 1959 875 2042 vellet,
900 1977 1044 2040 quaeque
1067 1959 1152 2026 velle

75 2147 79 2152 ⁸
187 2066 393 2148 coniicerent,
410 2066 518 2132 facere
535 2066 725 2149 gauderent.
753 2067 806 2132 Ex
821 2066 979 2132 institutis
995 2071 1151 2148 paternae

157 2179 158 2182 ’
187 2173 376 2256 disciplinae
400 2191 463 2238 non
486 2174 621 2239 alienum
646 2173 689 2238 sit
709 2174 769 2238 hoc
785 2192 1040 2255 commemorare,
1065 2175 1150 2254 quod

186 2282 227 2346 ab
250 2279 390 2346 infantia
411 2279 460 2344 ita
476 2278 716 2345 consuefacerat
731 2279 829 2344 filiam
844 2279 970 2361 pariter
985 2299 1024 2344 ac
1039 2279 1148 2362 filium,
1210 2315 1213 2321 ·

155 2477 156 2480 Ἴ
186 2393 223 2454 ut
250 2407 358 2454 secum
385 2387 503 2454 Latine
531 2385 636 2452 omnia
663 2388 880 2470 loquerentur,
912 2388 954 2453 ad
984 2387 1073 2453 cuius
1101 2389 1149 2454 rei

185 2497 376 2563 facultatem
407 2495 478 2578 ipse
513 2513 567 2560 eos
600 2495 782 2561 adduxerat
809 2513 873 2561 non
904 2501 1148 2578 praeceptorum

184 2604 372 2685 severitate,
397 2608 431 2668 et
454 2602 570 2668 scholis
590 2602 756 2684 habendis
781 2603 838 2669 sed
860 2622 936 2669 usus
951 2604 1096 2686 lenitate,
1114 2610 1147 2670 et

184 2711 341 2795 artificiis,
362 2712 451 2777 lusus
475 2729 569 2791 quam
589 2710 775 2792 disciplinae
795 2711 1008 2778 similioribus.
1040 2713 1145 2778 Idem-

183 2839 245 2901 que
278 2820 311 2886 in
345 2823 441 2902 nepte
475 2837 516 2884 ex
550 2817 615 2884 filia
650 2822 683 2883 et
709 2818 889 2884 instituisse
917 2824 951 2884 et
973 2820 1145 2902 perfecisse

182 2927 303 2994 audivi.

251 3034 454 3101 Consuetudo
481 3033 569 3102 vitae
597 3033 790 3100 domesticae
818 3035 899 3100 haec
926 3039 1008 3100 erat.
1059 3036 1143 3101 Dor·

161 3141 368 3210 'micbatad
389 3143 502 3208 horam
525 3145 662 3224 sextam,
685 3141 746 3207 nisi
770 3160 833 3222 qua
853 3140 1030 3208 necessitas
1046 3142 1143 3208 citius

183 3268 317 3332 surgere
344 3249 487 3316 iuberet:
516 3267 660 3316 somnum
686 3251 820 3331 petebat
843 3250 883 3316 ab
908 3247 1141 3334 horajdecima:

181 3356 278 3425 aliter
311 3357 368 3428 uix
402 3357 482 3425 satis
516 3357 559 3424 ad
592 3357 719 3424 labores
752 3357 895 3442 vigebat.
941 3357 976 3431 A
1005 3356 1141 3448 prandio

578 3608 739 3660 *532
