2852 4152
248 416 761 430 'flfflwumm
1049 417 1309 432 *mmr-tlfl-

264 475 423 556 lasticam‚
440 476 567 559 impulit
582 496 658 541 eum
673 477 814 559 primurn
834 475 877 538 ad
893 475 1054 558 petendos
1070 476 1225 556 honores,
1257 465 1263 545 ι

234 603 324 679 ερον
351 603 436 666 quos
464 584 604 649 docendi
632 584 682 648 ius
709 585 742 648 in
766 582 950 647 Academiis
980 583 1085 662 datur,
1114 585 1226 666 paullo
1257 560 1264 640 i

235 681 341 780 {post
375 695 485 756 autem
520 691 805 756 commendatione
840 711 901 755 sua
934 691 1078 774 perfecit,
1114 695 1149 755 ut
1184 692 1227 756 ad
1259 702 1264 725 ¹

265 817 386 863 munus
410 798 549 863 docendi
572 799 606 863 in
625 799 776 864 Scholam
792 798 1014 863 Vinaricnsem
1040 801 1225 878 vocaretur,
1259 796 1264 863 ἓ

236 901 241 925 ⁵
236 906 317 971 c.ui
341 926 400 989 per
422 906 494 970 XIII
522 925 629 970 annos
653 925 782 969 summa
805 925 881 969 curn
904 905 969 970 fide
991 908 1023 969 et
1043 904 1115 987 pari
1131 904 1227 968 laude

236 1014 414 1123 {praeluit
1261 1002 1265 1013 ’

236 1133 242 1187 ε’
332 1121 380 1184 Ea
404 1120 523 1185 condit'
500 1125 546 1185 tro
574 1119 708 1203 longe
700 1140 733 1184 ιιι
736 1121 832 1184 error
861 1120 991 1202 ingenio
1020 1123 1051 1184 et
1079 1119 1181 1184 doct
1157 1139 1227 1183 nna
1260 1138 1264 1165 ²

238 1226 326 1293 v·iri
353 1233 432 1293 erat.
479 1229 593 1311 Itaque
622 1227 765 1292 subinde
788 1228 1001 1310 expetebatur
1030 1226 1073 1290 ad
1101 1227 1227 1292 maiora
1259 1219 1264 1314 'A

236 1321 300 1427 'gel
334 1335 475 1400 lautiora
506 1356 653 1401 munera.
706 1335 770 1400 Sed
804 1338 896 1398 erant
929 1334 1006 1414 alta,
1048 1355 1108 1417 per
1142 1354 1227 1416 quac
1259 1396 1262 1404 .

236 1443 467 1508 ‘retinebatur
494 1443 553 1524 ita,
582 1448 620 1507 ut
647 1442 739 1506 nulla
766 1461 841 1506 cum
869 1442 1010 1506 conditio
1034 1443 1077 1506 ab
1102 1442 1152 1506 bis
1176 1463 1227 1507 se-

237 1550 363 1626 {dibus
396 1551 588 1615 abstrahere
621 1554 745 1632 posset:
781 1550 923 1632 primum
958 1551 1105 1614 omnium
1140 1550 1226 1614 Frid.

237 1638 397 1722 coum.
426 1657 628 1722 Mareschalli
663 1677 681 1720 e
713 1657 850 1735 aruns,
885 1656 942 1738 qui
983 1658 1164 1740 principem
1194 1658 1228 1721 in

237 1752 242 1849 ἶ
267 1765 344 1830 aula
367 1765 467 1830 Ducis
491 1765 600 1828 Iocum
623 1766 772 1841 tenebat,
798 1764 1063 1829 constantissima
1092 1765 1228 1830 benivo-

195 1909 197 1913 ·
267 1871 369 1938 tentia
392 1877 424 1937 et
447 1871 603 1935 inusdata
618 1871 802 1935 liberalitas.
842 1871 926 1934 Nam
949 1891 1023 1936 cum
1048 1876 1134 1937 esset
1158 1873 1227 1955 ipse

238 1977 242 1984 ”
269 1980 475 2044 doctissimus
519 1983 551 2043 et
589 1978 737 2042 omnium
775 1979 943 2042 literarum
974 1979 1217 2044 amantissimus

238 2087 551 2170 jperspexissetque
590 2085 779 2150 Gesncriani
822 2085 942 2167 ingenii
986 2090 1018 2150 et
1061 2087 1228 2151 doctrinae

238 2236 243 2268 ς
267 2194 512 2277 praestantiam,
536 2194 580 2258 ita
605 2193 784 2257 Gesncrum
807 2193 997 2274 adsoirerat,
1022 2199 1056 2258 ut
1080 2194 1228 2276 quotidie

237 2282 243 2338 ἰ
268 2302 358 2384 apud
392 2321 426 2366 se
454 2305 621 2381 coenaret,
651 2300 750 2364 etiam
783 2299 866 2362 inter
896 2299 1035 2365 illustros
1063 2303 1226 2380 convIvaS,

238 2397 243 2460 ῗ
268 2427 381 2474 secum
397 2409 430 2471 in
446 2409 616 2491 praedium
633 2408 702 2486 iret,
720 2408 752 2470 in
765 2407 972 2488 biblotheca,
985 2427 1086 2489 quam
1099 2409 1227 2492 egregie
1260 2458 1264 2466 .

237 2517 457 2586 instructam
488 2515 642 2594 habebat,
673 2515 801 2578 sederet
830 2514 1008 2579 disserendi
1036 2537 1145 2597 causa,
1170 2517 1227 2580 de·
1262 2578 1264 2588 ,

236 2613 367 2713 {nique
402 2642 500 2705 super
536 2622 699 2698 omnibus,
735 2640 822 2703 quac
850 2622 892 2685 ad
921 2623 1172 2688 ecclesiasticam
1195 2628 1228 2687 et
1260 2634 1264 2643 '

236 2722 493 2796 ‘scholasticam
527 2747 597 2791 rem
631 2728 846 2809 pertinerent,
880 2735 1074 2796 consuleret.
1129 2732 1228 2798 Cuius
1260 2727 1264 2737 ’

239 2838 314 2903 ‘rei
349 2838 447 2901 ettam
481 2835 569 2900 hunc
604 2833 748 2899 fructum
782 2837 919 2901 libenter
948 2837 1110 2902 Gesnerus
1138 2859 1228 2904 com-

267 2946 485 3022 memorabat,
514 2942 604 3026 quod
631 2961 707 3006 curn
730 2943 841 3008 multis
865 2944 1045 3010 illustribus
1069 2947 1143 3010 viris
1167 2966 1228 3010 no·
1261 2998 1264 3006 .

267 3052 385 3131 tutam,
425 3051 523 3114 etiam
561 3049 737 3113 amicitiam
777 3050 1004 3131 contraxisset
1049 3072 1107 3134 per
1145 3073 1228 3134 quas

237 3223 239 3232 ,
268 3158 360 3222 mult
338 3163 379 3222 trs
403 3157 519 3222 deinde
541 3156 712 3240 profuisse.
752 3157 942 3222 Accesserat
965 3160 1062 3224 ettam
1087 3178 1165 3224 cura
1179 3160 1264 3224 bi-

236 3252 240 3321 j
268 3264 462 3343 hIiothecae‚
490 3284 575 3347 quae
602 3264 643 3328 de
660 3264 845 3344 Logariana
872 3269 904 3328 et
920 3265 1264 3357 Schurzlleischiana

236 3392 242 3483 ἰ
268 3372 425 3437 instructa
452 3372 554 3436 erat
546 3391 578 3435 m
601 3390 676 3436 arce
700 3370 871 3453 principis,
900 3375 932 3436 et
959 3371 1118 3439 librorum
625 3375 1306 3544 mom

236 3552 242 3632 Ι
668 3620 827 3669 -12-

1408 3803 1413 4095 ι
