2852 4152
292 490 422 576 Scriptu
444 491 513 558 eius
536 493 705 576 pleraque,
730 493 856 558 maiora
877 493 998 577 omnia,
1022 449 1211 578 pertinenti

225 600 268 664 ad
296 600 545 682 grammaticam
580 603 613 664 et
647 600 792 666 criticam
814 601 983 667 rationem.
1015 602 1188 687 Gottingae

181 773 183 776 .
224 727 276 772 res
311 706 525 772 scholasticae
559 727 658 791 saepe
692 708 884 772 facultatem
914 708 1032 774 dedere
1064 710 1189 793 aliquid

226 813 401 895 scribendi,
430 815 556 898 inquo
584 814 688 897 magis
717 815 938 897 eloquentiam
965 819 998 880 et
1020 815 1188 899 ingenium

225 924 338 1004 posset
360 923 544 986 ostendere.
579 921 710 986 Memini
734 941 820 1004 eum,
847 941 920 987 cum
944 923 1187 989 describendis

225 1029 314 1094 libris
339 1030 610 1112 colloqueremur,
634 1033 757 1112 optare,
787 1029 1023 1112 utaliquando
1046 1030 1188 1096 scribere

226 1139 351 1219 posset,
376 1136 409 1199 in
432 1135 553 1218 quibus
576 1136 744 1220 ingenium
771 1135 874 1216 magis
896 1156 999 1218 quam
1023 1136 1189 1217 diligentia

227 1243 359 1308 valeret.
410 1244 495 1308 Nam
525 1246 558 1308 ct
584 1243 757 1308 iucundius
784 1243 860 1326 legi,
890 1247 921 1308 et
948 1241 1060 1325 plures
1088 1245 1189 1326 atque

227 1351 325 1416 etiam
359 1351 570 1434 optabiliores
605 1353 742 1418 lectores
776 1350 933 1431 invenire,
969 1353 1002 1415 et
1028 1350 1189 1416 maiorem

226 1459 358 1523 laudern
380 1479 508 1542 parare,
533 1479 608 1524 cum
624 1458 827 1541 diligentiam
842 1457 876 1522 in
892 1460 1056 1540 potestate
1073 1477 1188 1522 omnes

227 1565 403 1647 haberent,
438 1566 568 1649 ingenio
607 1569 727 1630 natura
763 1565 960 1647 valeremuS,
995 1568 1029 1630 et
1062 1564 1188 1629 facilius

228 1673 333 1753 docte,
357 1692 458 1754 quarn
480 1671 648 1754 ingeniose
664 1674 698 1736 et
713 1674 851 1736 venuste
866 1671 1071 1740 scriberetur.
1099 1671 1190 1735 Libri

228 1781 339 1844 autem
362 1780 393 1859 ii,
422 1779 478 1862 qui
502 1783 578 1844 sunt
602 1799 620 1843 e
643 1778 856 1860 grammatico
881 1781 913 1843 et
930 1779 1041 1844 critico
1058 1797 1188 1863 genere,

227 1887 260 1952 h.
277 1907 304 1952 e.
329 1889 482 1951 auctores
498 1885 613 1950 Graeci
636 1889 669 1951 et
684 1884 791 1950 Latini
813 1885 856 1949 ab
879 1883 951 1968 ipso
974 1885 1088 1968 curati,
1112 1905 1189 1968 pro·

228 1995 312 2060 fecto
337 1997 414 2059 sunl.
438 1993 611 2073 eiusmodi,
641 1996 679 2058 ut
707 1991 911 2075 disciplinam
938 1993 1108 2074 quandam
1130 1992 1190 2057 ha·

227 2104 328 2168 beant
361 2099 478 2164 talium
514 2119 651 2183 operum
678 2103 765 2164 recte
793 2101 825 2163 et
846 2098 1020 2164 salubriter
1048 2101 1190 2165 conden-

182 2227 184 2260 2
229 2211 357 2274 dorum.
410 2208 507 2274 Crisis
543 2210 594 2271 est
620 2207 787 2286 modesta,
822 2225 937 2272 severa
966 2209 998 2271 et
1026 2211 1190 2289 accurata,

229 2318 337 2398 docta,
376 2319 476 2398 atque
516 2315 614 2380 etiam
652 2314 737 2380 felix.
788 2313 939 2379 Difficilia
977 2316 1010 2378 et
1049 2315 1192 2380 obscura

228 2425 373 2489 malebat
396 2423 571 2506 explicare,
600 2443 701 2505 quam
725 2422 917 2504 corrigendo
942 2423 986 2487 ad
1008 2422 1191 2503 intelligen-

226 2533 306 2598 tiam
346 2551 557 2597 communem
596 2531 855 2595 accommodare.
910 2529 1104 2597 Conicturas
1141 2530 1191 2595 in·
1297 2537 1299 2542 '

229 2641 380 2724 geniosas
404 2641 562 2705 laudabat
589 2639 693 2720 magis
716 2659 817 2722 quam
844 2639 1023 2722 probabat:
1053 2643 1085 2705 et
1112 2639 1192 2705 nihil

227 2750 332 2830 magis
356 2769 458 2831 quam
482 2749 592 2814 dulces
615 2747 687 2814 illas
710 2747 830 2830 ingenii
853 2748 1023 2814 illecebras
1051 2748 1085 2812 in
1107 2748 1192 2812 iudi-

229 2859 335 2922 cando
370 2858 552 2922 cavendum
585 2856 754 2922 monebat.
800 2856 869 2922 Nec
901 2859 1013 2920 tamen
1048 2855 1191 2939 ingeni0‚

121 2991 122 2994 ¹
228 2965 328 3031 literis
352 2968 383 3030 et
406 2965 556 3030 doctrina
580 2965 635 3028 diu
651 2964 799 3046 subacto,
824 2963 902 3027 nihil
918 2963 1100 3028 tribuebat:
1124 2983 1192 3046 quo
1214 2989 1215 3048 j

229 3077 262 3138 et
289 3073 360 3156 ipse
388 3092 457 3137 non
480 3091 587 3156 pauca
614 3071 748 3137 feliciter
772 3070 921 3136 correxit.
967 3070 1192 3154 Principatum

228 3181 262 3244 in
294 3180 483 3246 auctoribus
518 3179 755 3244 constituendis
791 3183 823 3243 et
850 3177 1105 3260 interpretandis
1132 3178 1191 3243 tri·

228 3289 352 3354 buebat
374 3287 506 3352 lectioni
528 3286 696 3370 scriptoris
712 3285 870 3369 cuiusque
889 3285 1050 3367 assiduae,
1074 3288 1107 3350 et
1123 3305 1190 3350 uno

228 3398 344 3465 tenore
367 3393 539 3477 aliquoties
562 3394 735 3477 repet'tae,
759 3411 942 3476 perquam
965 3391 1064 3475 ipsius
1087 3392 1192 3476 scrip·

137 3531 1265 3643 Τ“““““““““““’“““““““’““““““““Τ

631 3643 793 3696 ..39-
