2852 4152
188 538 256 584 non
280 518 406 584 inutilia
429 521 586 602 putabat,
611 524 670 587 sed
693 523 726 587 in
751 524 901 590 docenda
924 525 1090 591 iuventute
1113 525 1151 591 iis

188 647 285 710 parce
319 628 478 692 utendum
515 630 683 695 censebat:
719 631 984 715 admonebatque
1019 633 1150 698 assidue

187 755 276 816 suaa,
301 755 343 800 ne
366 735 400 800 in
423 737 460 801 iis
484 757 639 817 magnam
664 758 757 820 spem
784 739 827 804 ad
849 739 933 803 bene
958 739 1087 804 dicendi
1111 761 1149 804 ac

153 839 350 923 scribendi
389 845 577 910 facultatem
615 847 788 927 ponerent,
823 847 880 911 sed
919 847 953 910 in
992 848 1148 930 exemplis

154 1008 156 1014 ,
187 952 296 1032 potius
325 957 477 1016 accurate
507 952 760 1034 cognoscendis,
789 956 822 1017 et
849 953 882 1017 in
910 954 1149 1018 exercitationis

186 1059 379 1123 assiduitate
403 1063 433 1123 ot
453 1059 646 1124 constantia.
686 1059 904 1124 Imitationem
922 1061 1149 1143 exemplorum

185 1167 455 1246 commendabat,
481 1185 548 1230 non
576 1167 727 1230 servilem
751 1167 854 1248 illam,
886 1167 946 1232 sed
969 1169 1148 1248 liberalem,

185 1293 270 1354 quae
293 1273 450 1355 exemplis
475 1275 558 1338 bene
583 1276 615 1338 et
638 1273 768 1339 assidue
792 1275 943 1356 cognitis,
969 1278 1002 1340 et
1025 1275 1147 1358 ingenii

186 1380 335 1444 bonitate
358 1384 537 1460 constaret,
560 1381 592 1446 h.
619 1401 646 1445 e.
672 1402 725 1461 ea,
756 1401 823 1464 qua
850 1381 921 1464 ipse
950 1402 1030 1448 usus
1053 1387 1147 1449 esset.

185 1487 368 1552 Puritatem
402 1487 558 1552 orationis
593 1488 728 1552 Latinae
763 1487 932 1568 laudabat,
972 1493 1004 1554 et
1037 1489 1149 1571 pueris

185 1593 344 1676 imprimis
368 1595 558 1658 sectandam
582 1594 727 1674 dicebat,
757 1594 849 1659 cuius
879 1595 977 1660 aetati
1009 1615 1049 1660 ea
1071 1616 1150 1660 cura

185 1701 388 1778 conveniret;
419 1705 565 1766 ceterum
594 1700 862 1783 superstitionem
889 1722 1058 1766 morosam
1087 1703 1149 1766 im·

185 1809 365 1889 probabat,
401 1808 571 1890 magisque
605 1808 754 1872 habitum
789 1807 961 1873 universae
993 1810 1150 1874 orationis

186 1917 381 1998 curandum,
407 1917 500 1981 etad
524 1916 672 1998 exempla
696 1919 785 1980 recta
801 1917 993 2000 tingendum
1010 1917 1150 1982 dicebat.

185 2025 300 2106 Itaque
324 2025 357 2090 in
382 2025 581 2104 castigandis
598 2028 631 2088 et
647 2024 827 2088 iudicandis
843 2025 894 2088 vel
914 2025 1150 2107 discipulorum

167 2131 237 2196 ¹vel
260 2133 400 2200 aliorum
423 2131 567 2214 scriptis,
592 2153 658 2214 qua
681 2132 783 2196 verba
806 2136 839 2196 et
862 2133 1015 2216 phraseS,
1041 2133 1149 2198 minus
1190 2193 1191 2196 ,

185 2243 322 2306 acerbus
346 2244 431 2320 erat,
456 2241 555 2305 etiam
578 2240 788 2320 subtimiduS,
817 2260 859 2304 ne
881 2239 1148 2322 reprehenderet,

184 2368 271 2430 quae
298 2349 417 2413 idonea
444 2347 639 2413 auctoritate
669 2347 798 2412 defendi
826 2351 974 2430 possent,
998 2348 1148 2429 patieba-

184 2459 305 2537 turque
339 2457 372 2519 in
407 2475 447 2520 eo
483 2455 545 2520 sibi
580 2455 739 2519 discentes
772 2453 916 2536 obloqui.
962 2454 999 2517 In
1022 2454 1148 2519 Scholis

185 2583 254 2629 non
277 2563 442 2646 probabat
463 2583 591 2628 rnorem
614 2563 817 2646 singulorum
846 2561 967 2643 scripta
994 2561 1148 2644 privatim

171 2673 378 2755 corrigendi,
401 2691 468 2736 non
485 2671 725 2753 praesentibus
742 2669 798 2752 qui
814 2668 1030 2752 scripsissent.
1063 2670 1148 2734 llum

185 2781 333 2845 laborem
367 2781 490 2844 frustra
524 2777 592 2842 fere
625 2777 756 2859 insumi,
795 2777 887 2860 quod
920 2777 1066 2860 plerique
1098 2778 1148 2842 vel

185 2888 386 2971 negligerent
420 2886 588 2970 inspicere,
624 2905 710 2967 quae
739 2885 913 2948 emendata
941 2889 1067 2966 essent,
1098 2885 1147 2950 vel

173 2997 346 3076 rationem
370 2997 402 3058 et
427 3012 561 3058 causam
577 2993 816 3058 emendationis
833 2994 1005 3059 nescirent.
1033 2993 1147 3076 Itaque

185 3102 231 3166 sic
254 3102 437 3165 instituerat
460 3101 493 3164 in
517 3099 637 3164 Schola
661 3099 850 3178 'l'homana,
875 3099 967 3164 utin
990 3101 1147 3166 exercita-

184 3210 327 3273 tionibus
361 3207 510 3291 publiciS,
546 3207 687 3271 maiores
722 3210 754 3271 et
787 3205 1006 3288 provectiores
1035 3209 1147 3272 statim

185 3317 300 3381 Latine
323 3316 520 3398 exciperent,
548 3334 634 3396 quae
657 3314 850 3379 Germanice
874 3318 1089 3397 proponeret,
1115 3319 1148 3380 et

206 3425 392 3488 odientibus
416 3424 581 3506 omnibus,
628 3442 688 3487 uos
705 3423 861 3488 excitarat
897 3421 982 3487 corri
1006 3425 1075 3500 eret
1111 3427 1148 3487 ut

1119 3497 1251 3606 ..Γ

575 3673 754 3724 ...33-
