2852 4152
768 462 800 526 te
824 460 925 541 dieat,
953 459 1014 525 erit
1037 459 1066 524 ei
1086 459 1169 524 haec

206 568 277 632 laus
307 587 375 632 non
405 567 608 650 deneganda.
655 566 742 645 Quid
766 566 854 631 enim
876 585 943 631 non
967 570 1042 650 apte
1069 568 1167 632 rebus

206 680 239 740 et
262 675 411 758 personis
436 677 584 759 scripsit?
621 676 679 741 Sin
695 675 731 755 is,
756 676 813 759 qui
837 676 937 740 etiam
960 675 1099 757 grandia
1114 675 1167 740 vel

205 803 264 847 sua
297 787 426 865 natura,
461 785 512 848 vel
544 788 637 849 motu
666 784 776 866 animi,
811 787 889 868 apte
916 784 1020 866 possit
1047 783 1165 863 dicere,

204 890 368 954 iudicandi
403 890 543 956 facultas
578 891 668 955 nulla
703 894 753 956 est
787 891 821 955 in
850 911 900 971 eo,
936 891 992 974 qui
1018 889 1167 955 sublimis

204 996 298 1062 illius·
312 998 480 1080 orationis,
504 998 697 1081 praesertim
720 1017 785 1081 qua
808 1002 901 1064 motu
923 998 1023 1062 animi
1045 1015 1166 1078 magno
1197 995 1198 998 ’

204 1110 364 1186 censetur,
389 1106 598 1187 usurpandae
621 1105 811 1170 facultatem
834 1123 897 1170 nec
919 1104 1081 1185 habuerit,
1105 1123 1167 1168 nec

203 1213 326 1278 habere
360 1213 394 1277 in
431 1214 485 1277 illo
523 1212 610 1276 vitae
647 1231 766 1293 genere
805 1213 957 1295 potuerit.
1011 1213 1186 1278 Ceterum

203 1322 336 1386 memini
359 1342 412 1386 me
435 1341 475 1386 ex
498 1341 538 1385 eo
561 1320 684 1400 audire,
708 1319 770 1385 sibi
792 1320 952 1385 orationis
967 1318 1052 1384 illius
1068 1338 1166 1384 usum

203 1432 373 1512 negatum,
401 1428 492 1511 quod
519 1448 584 1492 vox
613 1427 641 1491 ei
671 1431 749 1510 apta
776 1429 810 1492 et
832 1428 936 1492 latera
963 1445 1032 1491 non
1061 1424 1166 1491 conti-

204 1537 341 1620 gissent:
377 1541 409 1602 et
443 1537 531 1601 illam
559 1535 838 1601 vehementiorem
865 1535 1045 1615 sententiis,
1074 1554 1165 1616 voce,

203 1649 298 1725 gestu
327 1645 511 1709 orationem
539 1664 559 1709 a
586 1643 707 1709 nostris
735 1643 883 1708 moribus
912 1663 985 1708 esse
1012 1642 1165 1707 alienam.

269 1751 483 1835 Eloquentiae
498 1750 652 1815 adiuncta
668 1753 738 1815 erat
748 1750 875 1832 poetico
893 1749 1044 1834 facultas,
1064 1767 1166 1832 quarn

202 1859 313 1924 multis
337 1859 495 1942 exemplis
514 1858 650 1941 egregiis
666 1858 818 1941 probavit
833 1857 1048 1942 peritissimis.
1084 1856 1164 1922 llam

202 1970 313 2031 autem
335 1966 440 2046 magis
462 1985 482 2030 a
507 1968 654 2044 naturae,
677 1965 817 2030 lectione
832 1968 1008 2048 poetarum
1023 1964 1165 2045 adiutae,

201 2075 358 2154 bonitate,
382 2093 484 2156 quam
508 2073 777 2138 exercitationum
800 2072 987 2137 assiduitate
1009 2071 1164 2137 habebat.

202 2181 243 2246 ut
255 2182 390 2246 feliciter
405 2181 434 2246 ei
449 2201 502 2246 res
514 2181 724 2263 procedebat,
743 2179 809 2244 sive
825 2179 958 2261 Elegos,
979 2178 1044 2244 sive
1062 2179 1163 2260 Odas,
1182 2201 1185 2246 2

202 2288 271 2352 sive
282 2288 489 2352 hexametros
502 2286 667 2366 scriberet,
684 2286 869 2369 mansitque
886 2286 916 2350 ei
925 2285 1065 2351 facultas
1081 2286 1165 2352 haec

202 2396 245 2460 ad
268 2415 391 2459 annum
414 2395 670 2476 sexagesimum,
694 2414 777 2477 quc,
802 2397 839 2459 ut
861 2413 962 2476 supra
985 2393 1065 2474 dixi,
1090 2413 1164 2474 gra·

201 2503 284 2566 viter
318 2502 480 2568 decubuit.
525 2502 609 2568 Nam
645 2502 687 2567 ab
712 2521 751 2567 eo
782 2501 898 2567 morbo
922 2502 969 2566 ita
991 2501 1054 2584 ipsi
1077 2502 1164 2568 exci-

201 2610 304 2691 derat,
327 2612 365 2674 ut
388 2609 510 2675 frustra
532 2629 646 2674 versus
662 2613 845 2674 conaretur.
873 2609 938 2674 Sed
952 2609 1043 2692 quod
1058 2610 1163 2692 magis

200 2718 274 2799 quis
298 2717 448 2798 miretur,
479 2717 592 2800 paucis
626 2721 703 2781 ante
734 2721 875 2782 mortem
906 2717 1002 2783 annis
1030 2723 1164 2802 repente

158 2825 306 2890 :rediit
353 2825 447 2890 Adeo
482 2823 536 2888 illa
570 2823 708 2889 facultas
743 2843 810 2890 non
845 2828 894 2890 est
928 2824 962 2890 in
998 2830 1164 2909 potestate

175 2936 327 2999 'nostrat

266 3037 414 3104 Deeeadc'
437 3058 540 3121 genus
563 3058 632 3104 non
655 3040 756 3104 modo
781 3038 992 3122 perspicuum
1015 3044 1048 3106 et
1066 3059 1163 3106 accu-

163 3141 164 3144 ’
201 3151 307 3210 ratum
343 3149 426 3226 erat,
462 3146 521 3211 sed
555 3147 655 3211 etiarn
682 3147 839 3212 suavitate
870 3147 1014 3229 quadam
1043 3147 1162 3231 ingenii

201 3252 511 3333 commendabatur,
550 3253 622 3317 sine
661 3253 883 3318 ostentatione
921 3252 1092 3320 doctrinae
1130 3259 1163 3320 et

199 3359 358 3426 lectionis,
405 3360 441 3423 ln
464 3360 656 3426 enarrandis
680 3360 869 3426 auctoribus
893 3359 1024 3426 Graecis
1048 3364 1081 3426 et
1100 3363 1163 3428 La-

601 3610 764 3662 ..35-
