2852 4152
253 477 435 544 corollario:
470 477 588 544 nemini
621 476 766 544 invidere
794 477 966 561 fortunam,
996 478 1133 546 omnium
1160 479 1217 545 mi-

252 584 335 650 nime
365 585 492 650 laudem
522 589 556 650 ct
584 584 731 668 gloriam.
778 587 879 651 Immo
906 584 1041 653 favebat
1066 585 1215 668 ingeniis,

223 751 224 754 ,
251 711 349 774 saepe
372 713 484 776 supra,
510 713 604 774 quam
627 694 724 776 digna
749 699 875 776 essent,
904 699 938 760 et
960 696 1001 760 ab
1024 693 1096 775 illa,
1121 713 1216 774 quam

213 877 215 888 ,
252 798 332 882 (lixi,
364 799 545 881 aequitate,
578 804 611 864 et
640 802 681 865 ab
711 800 817 866 studio
844 799 1005 866 hominum
1027 800 1080 867 vel
1102 799 1214 868 iuvan-

250 906 363 972 dorum
385 907 480 973 laude
503 926 570 990 sua,
595 909 648 975 vel
669 908 948 974 incendendorum.
983 909 1100 989 Itaque
1116 908 1214 974 etiam

249 1013 391 1094 peccatis
418 1019 452 1079 et
478 1013 640 1079 erroribus
667 1013 770 1080 facilis
792 1020 873 1096 erat,
893 1017 1091 1096 tegebatque
1111 1015 1214 1097 magis

250 1125 284 1186 et
314 1119 545 1204 dissimulabat,
575 1141 670 1202 quam
700 1123 868 1204 aperiebat
895 1128 953 1188 aut
983 1125 1211 1204 exprobrabat.

205 1215 212 1246 ⁴
249 1227 341 1294 Solos
364 1229 422 1294 hos
450 1248 513 1294 nou
540 1229 621 1294 satis
644 1229 786 1312 ferebat,
818 1229 872 1311 qni
900 1229 942 1295 ad
968 1229 1129 1295 inscitiam
1156 1230 1212 1295 ad·
1227 1243 1245 1300 '1

247 1334 420 1418 iungerent
434 1336 674 1420 impudentiam,
693 1343 726 1403 et
742 1341 946 1416 ostentarent
966 1335 1154 1419 doctrinam,
1177 1335 1212 1402 in

248 1462 311 1523 qua
345 1462 386 1508 ne
420 1442 674 1509 mediocritatem
706 1443 832 1524 quidem
862 1442 1059 1524 attigissent.
1111 1443 1210 1508 Fate-

246 1551 353 1631 batur,
378 1568 449 1615 eam
471 1549 532 1615 sibi
546 1549 799 1633 indignationem
815 1549 1007 1618 commoveri
1021 1569 1042 1615 a
1057 1549 1210 1616 memoria

246 1655 383 1739 11111111,
414 1676 497 1738 quae
526 1656 587 1723 sibi
610 1658 778 1738 aliquoties
805 1659 846 1723 ab
874 1657 933 1722 tali
954 1657 1152 1740 impudentia
1176 1660 1209 1721 et

245 1761 463 1828 ostentatione
493 1764 604 1828 oblata
640 1768 736 1828 esset.
789 1763 875 1829 Erat
908 1768 1017 1830 autem
1048 1763 1129 1828 haec
1159 1762 1207 1828 in-

245 1869 389 1951 dignatio
413 1871 575 1953 eiusmodi,
599 1891 685 1954 quae¹
701 1873 787 1938 ultra
802 1874 903 1939 verba
922 1890 987 1937 non
1006 1871 1206 1954 procederet,
1241 1957 1242 1960 Ἴ

245 1995 346 2058 eaque
369 1979 461 2044 modo
485 1979 570 2062 apud
593 1979 689 2061 ipsos,
715 1979 895 2062 corrigendi
918 1998 1025 2061 causa,
1049 1984 1108 2044 aut
1121 1978 1207 2043 inter

221 2079 222 2082 ’
244 2084 372 2168 11111111,
397 2088 654 2168 expromebatur.
694 2087 735 2152 In
750 2087 879 2169 scriptis
894 2081 1051 2152 neminem
1066 2105 1206 2166 unquam
1228 2158 1230 2160 ,

245 2193 284 2256 ob
310 2193 408 2258 talem
436 2191 575 2274 aliquam
598 2212 727 2258 causam
750 2192 897 2276 asperius
920 2193 1088 2277 tractavit,
1112 2212 1204 2276 prae-

220 2303 222 2308 '
243 2303 296 2363 ter
318 2319 414 2379 unum
437 2299 633 2382 Helladium,
657 2300 746 2366 ouius
768 2300 996 2382 impudentiam
1018 2300 1052 2366 in
1075 2301 1205 2366 Miscel-
1240 2321 1243 2329 ’

242 2407 345 2473 laneis
369 2408 587 2490 Lipsiensibus
617 2407 776 2490 prioribus
806 2408 873 2498 acri
896 2409 964 2474 sale
986 2406 1204 2491 perfricuitss).

242 2516 290 2580 Et
312 2515 482 2596 aliquoties
506 2535 578 2582 eum
600 2517 709 2584 audivi
731 2521 856 2598 optare,
879 2520 917 2580 ut
940 2515 1001 2581 sibi
1022 2515 1101 2580 illud
1116 2515 1204 2582 iuve-
1239 2528 1241 2536 ’

241 2623 314 2688 nilis
337 2624 543 2707 acrimoniae,
568 2643 606 2690 ac
628 2643 729 2706 prope
755 2622 916 2705 lasciviae,
947 2625 1132 2704 opusculum
1154 2643 1203 2690 re·
1239 2669 1242 2673 -

205 2726 206 2729 ’
241 2750 357 2800 vocare
391 2732 517 2797 liceret:
554 2731 639 2812 quod
673 2737 834 2813 optatum,
869 2729 931 2796 uisi
965 2729 1070 2813 fallor,
1107 2731 1223 2819 otiam

218 2856 220 2864 ’
241 2838 362 2921 scripto
385 2838 537 2922 prodidit.
1239 2849 1242 2858 ’

243 3019 456 3030 -ο--ο-α

309 3125 335 3196 *1
355 3125 496 3195 Repetite
514 3129 560 3179 est
578 3123 654 3178 haec
673 3122 832 3192 castigatio
851 3123 880 3177 in
901 3122 1026 3178 Gesnari
1046 3121 1202 3191 Opusculis

239 3215 306 3270 min.
326 3217 347 3268 t.
361 3215 394 3284 V,
412 3232 440 3285 p.
454 3217 569 3269 ao-tl.
605 3213 772 3268 Alexander
790 3212 954 3282 Helladius,
976 3213 1137 3267 Thessalus
1156 3213 1202 3266 ed.
1235 3277 1236 3280 Ἴ

239 3305 469 3360 Grammaticam
488 3318 628 3373 graecam
647 3318 701 3373 por
719 3301 913 3372 quaestiones
932 3305 964 3356 et
981 3303 1202 3372 responsiones·

237 3411 282 3466 gr.
302 3394 369 3449 etl.
407 3393 535 3449 Norimb.
558 3394 637 3448 1712.

638 3631 801 3681 -46-
