2852 4152
157 457 163 617 Ι
197 549 339 609 morum,
363 530 556 613 praesertim
576 529 815 607 historicorum,
840 529 935 611 copia
958 527 1161 593 abundabat.

156 618 162 708 l
198 637 283 702 Huic
307 637 523 702 bibliothecae
550 640 675 719 septem
697 637 788 720 ipsos
812 656 918 700 annos
941 635 986 700 ita
1009 634 1158 717 praefuit,

156 713 163 888 Ξ
199 748 234 808 ut
268 744 425 828 quicquid
462 746 621 828 temporis
650 747 693 810 ab
721 745 789 809 aliis
818 745 904 809 curis
933 748 966 808 et
992 742 1160 808 laboribus

156 889 162 935 5
197 856 337 932 vacaret,
361 852 395 916 in
419 872 458 917 ea
483 853 675 932 ordinanda,
701 857 733 917 et
756 853 860 917 multo
884 852 987 932 magis
1010 852 1044 915 in
1060 851 1186 922 Com-5

197 960 366 1025 mentariis
390 960 598 1026 conficiendis
623 964 837 1040 consumeret,
861 979 930 1024 non
953 959 1010 1040 qui
1025 957 1162 1023 nomina

198 1067 356 1132 librorum
387 1068 501 1132 ordine
529 1072 616 1134 certo
656 1068 781 1148 digesta
814 1068 987 1147 haberent,
1017 1067 1076 1131 sed
1103 1065 1160 1147 qui

198 1179 402 1258 argumenta,
426 1195 513 1257 quae
535 1177 587 1240 vel
614 1176 692 1240 totis
713 1175 811 1255 libris,
835 1177 885 1240 vel
911 1176 1044 1256 singulis
1060 1177 1162 1243 libro-

155 1277 161 1362 !
198 1301 272 1346 rum
295 1283 459 1364 partibus,
488 1301 557 1347 non
579 1282 680 1347 modo
709 1301 749 1346 ex
776 1282 922 1348 instituto
951 1289 983 1349 et
1012 1287 1052 1351 de
1079 1306 1162 1352 con·

199 1391 269 1455 silio
293 1390 451 1455 librorum
475 1391 711 1470 universorum,
734 1389 793 1454 sed
816 1390 913 1454 etiam
937 1392 1042 1457 obiter
1058 1395 1161 1477 expli-

200 1501 359 1564 carentur.
407 1498 489 1562 Eam
517 1518 587 1562 rem
615 1498 660 1562 sic
684 1499 817 1580 agebat,
846 1501 883 1562 ut
910 1499 998 1564 libris
1026 1501 1162 1582 singulis

155 1515 161 1674 d
198 1605 421 1688 perlustratis,
457 1624 554 1687 saepe
590 1605 686 1669 etiam
714 1605 815 1684 lectis,
849 1605 961 1671 titulos
989 1626 1098 1672 rerum
1125 1608 1160 1673 in

200 1713 328 1778 schedis
352 1717 497 1793 notaret,
526 1715 559 1777 et
581 1713 614 1775 in
639 1712 771 1776 cistulas
798 1712 842 1776 ad
864 1715 988 1776 certum
1012 1713 1175 1777 ordinem*

200 1820 374 1902 dispositas
391 1820 558 1899 conderet,
583 1839 666 1900 quas
683 1819 725 1882 ad
741 1823 932 1898 extremum,
954 1840 1028 1884 cum
1046 1841 1160 1886 omnes

198 1927 430 2009 perspexisset,
455 1927 488 1990 in
513 1927 772 1992 Commentarios
797 1927 965 2007 digereret,
993 1931 1091 2010 atque
1114 1929 1161 1992 ita

200 2039 232 2098 et
255 2035 315 2099 sibi
340 2039 372 2098 et
395 2035 464 2098 aliis
489 2035 675 2098 facultatem
698 2039 828 2116 pararet
853 2035 1042 2116 reperiendi,
1067 2036 1161 2118 quic·

199 2141 279 2224 quid
305 2143 344 2206 de
368 2161 551 2224 quoquere
576 2142 606 2204 in
625 2141 713 2206 libris
729 2142 812 2205 illius
828 2141 1045 2206 bibliothecae
1063 2148 1157 2208 esset.

198 2249 379 2332 Aliquoties
416 2269 491 2312 eum
525 2249 641 2326 audivi,
677 2268 779 2330 quum
814 2249 943 2326 diceret,
979 2270 1015 2313 se
1042 2251 1075 2314 in
1103 2250 1160 2315 illo

197 2360 291 2420 tanto
316 2375 354 2421 ac
378 2357 531 2420 diuturno
556 2357 665 2420 labore
685 2355 746 2420 hac
762 2376 820 2437 spe
835 2359 1051 2420 sustentatum
1078 2377 1161 2437 esse,

198 2465 288 2546 quod
311 2468 450 2546 putaret,
476 2483 515 2527 eo
531 2464 675 2545 perfecto
693 2463 876 2527 communis
893 2464 1062 2527 cuiusdam
1077 2464 1161 2529 Ora-

153 2571 159 2657 t
199 2572 261 2635 culi
285 2572 396 2636 sedem
420 2571 453 2634 in
476 2571 530 2633 illa
554 2569 749 2634 bibliotheca
776 2571 860 2649 fore,
891 2571 979 2652 quod
1008 2574 1041 2636 et
1069 2571 1158 2653 ipsis,

154 2661 159 2710 ¹
199 2683 231 2742 et
253 2699 312 2760 per
336 2699 370 2742 se
395 2678 638 2742 consulentibus
659 2697 819 2760 responsa
835 2678 875 2742 de
891 2677 1043 2742 omnibus
1059 2678 1161 2743 rebus

199 2786 304 2862 daret;
340 2787 502 2850 interdum
525 2805 585 2868 per
608 2785 729 2866 iocum,
759 2785 889 2849 Oraculi
915 2804 1036 2850 nomen
1061 2785 1159 2849 etiam

153 2877 159 2984 l
198 2893 241 2956 ad
264 2913 298 2957 se
322 2893 549 2958 transferebat.
585 2894 649 2958 Sed
666 2893 720 2956 illa
735 2913 809 2976 spes
826 2892 869 2956 ad
889 2892 1016 2956 irritum
1033 2892 1160 2972 cecidit,

153 2985 159 3093 Ῑ
198 3000 330 3064 fortuna
355 3001 512 3082 quadam,
541 3005 578 3066 ut
605 3005 677 3065 tum
700 3000 986 3082 interpretabatur,
1011 2999 1157 3078 adversa,
1274 3035 1277 3044 ·

156 1675 161 1692 t

199 3111 234 3170 ut
251 3112 386 3172 eventus
405 3107 524 3187 docuit,
549 3109 753 3190 providentia
769 3107 911 3189 quadam
929 3106 1048 3184 divina,
1073 3125 1160 3189 quae

198 3215 329 3278 vincula
352 3214 417 3294 illa,
448 3235 506 3296 per
530 3235 614 3298 quae
638 3215 787 3279 Vinariae
817 3216 988 3296 tantopere
1016 3213 1162 3278 adstrin-

16 3363 30 3392 .-
151 3289 157 3368 3
199 3325 342 3400 geretur,
373 3323 599 3404 abrumperet,
628 3327 664 3386 ut
688 3323 730 3387 ad
764 3323 837 3387 loca
871 3320 1086 3386 deduceretur
1109 3340 1158 3402 ea,

151 3373 157 3542 ι
199 3429 232 3492 in
271 3428 388 3510 quibus
428 3429 562 3510 (lignum
604 3429 661 3493 toli
704 3429 833 3511 ingenio
873 3431 971 3510 atque
1010 3427 1162 3492 doctrina

105 3539 1229 3638 ..ΓΜἫΜἫΜῌἼΨ
1252 3579 1258 3587 Ι

598 3704 632 3714 -
664 3678 695 3729 13
723 3706 758 3714 -
1177 3639 1181 3652 '
