2852 4152
221 513 306 577 Sunt
333 510 421 577 enim
448 511 515 576 fere
543 510 653 591 antii,
682 511 739 594 qui
767 511 800 576 id
828 532 929 595 genus
953 511 1074 577 laboris
1097 516 1183 578 recte

221 617 395 683 aestimare
418 618 578 698 nesciunt,
603 621 661 682 aut
684 618 745 701 ipsi
761 617 824 683 hoc
848 623 1014 684 contemtu
1035 623 1185 707 avertere.

194 753 196 758 ¹
221 725 443 809 suspicionem
472 726 598 806 volunt,
627 746 662 790 se
690 727 809 792 talibus
837 747 855 791 e
884 727 972 792 libris
1000 747 1099 810 saepe
1122 749 1182 793 sua
1216 759 1217 762 ¹
1287 785 1291 800 ,

221 854 361 901 sumere.
408 835 467 900 nst
495 835 644 917 proiecto
674 835 778 899 multo
809 834 946 916 facilius,
980 827 1185 918 minorisque

221 943 400 1024 doctrinae,
425 943 457 1008 in
483 961 561 1023 uno,
585 947 643 1008 aut
666 943 794 1026 aliquot
816 943 1030 1025 scriptoribus
1047 943 1180 1025 Latinis,

219 1052 261 1116 de
283 1051 390 1116 verbis
414 1054 446 1116 et
470 1051 511 1116 de
534 1050 720 1134 phrasibus,
744 1051 864 1134 quibus
888 1051 967 1117 velis
995 1072 1033 1116 ae
1060 1053 1180 1136 possis

218 1157 352 1242 aliquid,
369 1160 419 1224 vel
436 1160 629 1242 explicandi,
653 1161 704 1224 vel
725 1160 910 1225 illustrandi
931 1179 1041 1242 eausa,
1064 1163 1181 1226 afferre

218 1266 251 1329 in
274 1266 439 1348 medium,
464 1287 565 1350 quum
588 1287 701 1332 omnes
725 1267 908 1332 Latinitatis
933 1267 1043 1350 copias
1066 1287 1181 1333 reeen-
1205 1305 1207 1310 κ

217 1393 297 1452 sere,
329 1374 385 1438 ubi
412 1373 535 1437 nullam
566 1377 695 1456 partem
729 1375 987 1456 praetermittere
1023 1376 1181 1440 intactam

217 1480 299 1544 lieet.
347 1479 387 1544 Et
415 1479 442 1543 si
470 1479 558 1544 notis
586 1479 718 1544 illorum
741 1484 985 1547 contemtorum
1008 1483 1180 1548 detrahere

216 1587 306 1668 velis,
335 1607 420 1670 quae
448 1588 490 1652 ad
515 1588 655 1653 Lexieon
682 1589 880 1672 pertineant,
910 1595 967 1656 aut
995 1611 1013 1656 e
1042 1568 1203 1669 Lexieiss

216 1695 328 1760 sinon
344 1699 468 1778 aperte,
492 1700 526 1760 at
543 1695 667 1777 callide,
692 1701 723 1761 et
739 1697 876 1762 artificio
893 1699 1049 1781 quodam,
1070 1701 1180 1762 sumta

214 1804 289 1882 sint,
314 1823 399 1886 quae
421 1803 537 1886 reliqui
561 1824 690 1869 summa
713 1803 819 1871 feret?
855 1807 920 1870 Sed
946 1807 987 1872 de
1003 1827 1042 1872 ea
1057 1827 1093 1870 re
1110 1807 1179 1888 ipse

216 1909 295 1974 dixit
318 1916 389 1973 tum
413 1910 446 1975 in
470 1909 631 1976 Thesauri
655 1911 705 1974 sui
729 1912 947 1993 praefatione,
975 1916 1047 1978 tum
1072 1913 1104 1976 in
1129 1933 1178 1993 ea,
1200 1969 1202 1973 .

214 2037 315 2100 quam
331 2015 575 2101 Reyherian0*)
600 2018 737 2101 scripsit,
762 2039 829 2101 qua
852 2021 951 2084 etiam
975 2040 1043 2084 non
1067 2021 1179 2085 leviter

214 2125 376 2189 offensum
411 2125 477 2190 seio
513 2124 656 2208 aliquem
691 2126 898 2204 vestratium,
934 2126 1002 2191 sive
1036 2127 1081 2190 ita
1117 2128 1178 2192 sibi

215 2233 365 2297 conscius
390 2236 474 2312 erat,
505 2236 542 2296 ut
569 2233 611 2296 ad
635 2253 669 2297 se
692 2233 836 2298 traheret
859 2254 942 2316 quae
966 2234 1010 2298 ihi
1034 2235 1067 2298 in
1091 2235 1178 2300 hane

213 2340 409 2405 sententiam
433 2341 520 2406 dicta
543 2343 719 2423 repererat,
743 2340 809 2404 sive
834 2341 917 2424 quis
943 2344 979 2405 ut
1002 2341 1081 2405 mihi
1100 2362 1177 2406 nar-

213 2447 279 2512 rari
313 2446 456 2528 memini,
492 2467 532 2511 ex
566 2447 629 2511 hac
656 2447 738 2511 urbe
766 2448 809 2511 ad
838 2466 912 2510 eum
942 2447 1077 2511 miserat
1104 2448 1177 2531 pla‘-

214 2555 325 2638 gulam
355 2553 460 2634 illam,
493 2559 524 2619 et
552 2555 585 2619 in
614 2575 690 2619 eum
718 2555 839 2637 scripta
863 2575 932 2618 esse
954 2559 1176 2636 persuaserat,

213 2682 299 2744 quae
327 2663 361 2726 in
390 2683 464 2726 eam
492 2666 620 2746 partem
649 2663 733 2727 dicta
761 2666 879 2727 essent.
931 2662 997 2726 Sed
1024 2661 1106 2727 haee
1135 2663 1176 2728 de

213 2769 344 2852 ingenio
362 2769 508 2846 Gesneri,
533 2771 683 2835 doctrina
706 2773 738 2834 et
761 2769 883 2834 meritis
907 2769 940 2833 in
956 2769 1064 2834 literis
1088 2771 1176 2835 dieta

211 2879 324 2941 sunto:
349 2877 392 2940 ad
415 2876 563 2941 animum
586 2876 654 2941 eius
678 2896 852 2958 moresque
876 2877 1060 2941 veniamus:
1089 2898 1175 2959 quae

211 3003 288 3066 pars
312 2983 409 3048 etiam
436 2984 579 3067 pulcrior
607 2986 639 3048 et
666 2983 850 3066 iucundior,
880 2983 941 3048 nisi
969 2983 1176 3050 vehementer

210 3091 316 3172 fallor,
341 3090 530 3174 reperietur.

281 3248 306 3318 *l
325 3247 461 3302 Andreae
489 3247 617 3319 Reyheri
645 3247 775 3303 hexieon
803 3246 1119 3316 latino-germanicum
1151 3265 1174 3303 s.

209 3337 370 3392 Theatrum
389 3339 716 3394 romano-teutonicum.
745 3337 818 3392 Cum
830 3339 921 3406 praef.
943 3337 1077 3392 Gesneri.
1106 3339 1174 3417 Lps.

210 3429 280 3485 1733
293 3427 314 3485 f.
