2852 4152
244 405 321 472 tinis
345 405 427 472 haec
450 407 633 490 spectabat,
657 408 811 492 primum,
837 413 874 475 ut
897 411 1036 476 studiosi
1056 415 1144 478 recte
1160 412 1211 476 in-

243 514 427 596 telligerent
450 516 552 580 verba
575 520 607 580 et
630 517 828 582 sententias:
854 517 986 600 deinde,
1016 523 1053 583 ut
1076 524 1210 584 senten-

243 622 364 687 tiarum
388 626 419 688 et
441 623 618 687 verborum
641 623 775 689 virtutes
798 625 918 690 sentire
947 632 1209 708 consuescerent,

244 732 276 794 et
311 733 407 810 gustu
441 731 620 811 elegantiae
653 735 685 796 et
718 731 945 814 pulcritudinis
973 734 1209 819 imbuerentur,

242 836 503 922 imbiberentque
526 858 662 903 sensum
685 839 815 904 honesti
838 860 876 904 ac
899 841 1022 908 decori:
1048 845 1106 908 sed
1129 845 1210 910 nihil

242 923 357 1028 magis
381 967 483 1029 quam
499 949 537 1011 ut
553 947 670 1012 seriem
685 947 786 1012 totius
803 949 959 1014 orationis
975 952 1209 1033 perspicerent,

243 1053 448 1136 modumque
472 1054 518 1119 rei
542 1055 699 1137 cuiusque
723 1057 925 1121 tractandae.
972 1058 1086 1140 ltaque
1111 1061 1210 1124 etiam

245 1161 381 1227 celerius
405 1163 599 1245 plerumque
615 1163 649 1226 in
665 1163 912 1246 interpretando
925 1167 1208 1248 progrediebatur,

245 1287 306 1334 neo
329 1270 493 1353 probabat
518 1289 586 1350 eos,
611 1271 721 1352 quiin
745 1271 842 1336 nimis
866 1273 990 1336 multas
1015 1277 1049 1338 et
1065 1274 1209 1339 minutas

243 1381 354 1459 partes
383 1377 417 1442 in
440 1377 686 1460 interpretando
703 1379 911 1448 conciderent
932 1383 1209 1447 adorationem

245 1485 409 1552 Ciceronis
437 1505 553 1568 unam,
583 1487 616 1550 in
646 1485 848 1570 singulisque
876 1487 931 1551 diu
955 1487 1130 1552 haererent
1151 1510 1210 1571 per

245 1591 387 1676 speciem
403 1593 598 1676 diligentiae,
620 1615 706 1676 quae
722 1594 802 1658 nihil
817 1596 1105 1676 praetermitteret,
1130 1597 1209 1659 etin

244 1719 381 1765 succum
405 1704 438 1765 et
461 1702 654 1782 sanguinem
676 1702 873 1766 discentium
891 1706 1081 1766 convertero
1098 1703 1210 1767 omnia
1264 1732 1265 1736 ¹

243 1811 429 1874 conaretur.
475 1809 560 1873 Nam
590 1809 635 1872 ita
663 1829 739 1873 cum
767 1809 895 1888 singula
923 1810 1106 1892 diligentius
1134 1831 1209 1893 per-

243 1915 367 1998 spicere
390 1916 578 1980 viderentur
598 1916 733 1996 tirones,
756 1916 856 1980 totius
872 1917 1090 1998 perspiciendi
1106 1918 1209 1982 facul-

242 2027 346 2088 tatem
369 2023 478 2089 adimi.
507 2024 721 2105 Eandemque
745 2024 787 2088 ob
811 2044 945 2088 causam
960 2045 1029 2088 non
1044 2025 1210 2107 probabat

244 2130 416 2195 intervalla
442 2131 537 2214 plura
566 2133 599 2195 et
627 2131 776 2213 longiora
804 2131 874 2195 fieri
902 2132 1080 2196 lectionum
1108 2153 1210 2216 super

244 2238 360 2302 eodem
383 2239 551 2322 scriptore,
576 2242 634 2303 aut
658 2239 774 2302 eadem
798 2239 960 2306 oratione:
986 2240 1046 2304 sed
1069 2243 1209 2305 eandem
1255 2266 1256 2270 ¹

244 2366 314 2410 rem
338 2347 537 2412 continuatis
560 2347 656 2428 horis,
682 2351 715 2411 et
738 2347 890 2429 sepositis
914 2347 1040 2412 interea
1063 2348 1133 2412 aliis
1157 2369 1208 2412 re-

245 2455 306 2518 bus
335 2455 387 2534 agi
415 2456 559 2532 volebat3
589 2455 635 2519 ita
666 2455 756 2519 brevi
784 2459 932 2536 tempore
958 2454 1104 2536 integras
1134 2477 1208 2520 ora-

259 2562 349 2626 iones
377 2562 513 2642 absolvi,
538 2567 589 2643 ut,
614 2563 670 2644 qui
698 2562 897 2626 mediocrem
923 2561 1123 2644 diligentiam
1150 2564 1208 2628 ad·
1257 2587 1258 2590 ¹

244 2668 405 2748 biberent,
429 2670 530 2734 totius
548 2675 787 2750 argumentum,
805 2673 916 2751 partes
933 2689 1058 2750 omnes,
1077 2691 1209 2735 earum-

236 2777 237 2782 ’
268 2796 309 2840 ue
332 2776 596 2840 coniunctionem
620 2780 652 2840 et
669 2778 920 2859 explicationem
935 2780 1093 2843 tenerent.
1129 2780 1209 2856 Eius

245 2883 292 2946 rei
314 2883 477 2947 rationem
505 2884 547 2947 ab
575 2904 614 2948 eo
644 2884 674 2948 in
704 2885 907 2968 praefatione
931 2884 1009 2949 Livii
1032 2885 1208 2967 Lipsiensis

268 2993 400 3055 ccurate
423 2991 604 3074 expositam
621 3011 818 3072 cognoscere
841 2997 990 3075 possunt,
1015 2994 1069 3074 qui
1087 2993 1207 3058 volent.

278 3117 315 3161 os
338 3097 472 3179 quidem
500 3102 532 3164 et
559 3099 622 3181 ipsi
644 3099 728 3163 hanc
755 3100 918 3164 rationem
943 3103 1132 3164 constanter
1155 3120 1207 3164 se-

247 3204 314 3268 cuti
329 3222 443 3267 sumus
466 3203 500 3268 in
516 3204 636 3269 Schola
653 3205 837 3269 Thomana.
881 3206 944 3269 Per
966 3205 1062 3286 tices,
1088 3211 1123 3270 ut
1146 3207 1208 3271 hoc
1255 3261 1257 3264 .

269 3315 330 3392 tar,
354 3310 443 3374 horis
471 3313 734 3376 antemeridianis
751 3313 796 3377 ita
813 3313 1109 3396 interpretabamur
1126 3315 1207 3381 Ora-

646 3564 832 3612 -os-·
