<?xml version="1.0" encoding="UTF-8"?>
<!DOCTYPE html PUBLIC "-//W3C//DTD XHTML 1.0 Transitional//EN"
    "http://www.w3.org/TR/xhtml1/DTD/xhtml1-transitional.dtd">
<html xmlns="http://www.w3.org/1999/xhtml" xml:lang="en" lang="en">
 <head>
  <title>
</title>
<meta http-equiv="Content-Type" content="text/html;charset=utf-8" />
  <meta name='ocr-system' content='tesseract 3.04.00' />
  <meta name='ocr-capabilities' content='ocr_page ocr_carea ocr_par ocr_line ocrx_word'/>
</head>
<body>
  <div class='ocr_page' id='page_1' title='image "./narratiodejomat00ernegoog_0053.png"; bbox 0 0 2852 4152; ppageno 0'>
   <div class='ocr_carea' id='block_1_1' title="bbox 226 480 1240 3130">
    <p class='ocr_par' dir='ltr' id='par_1_1' title="bbox 226 480 1240 2182">
     <span class='ocr_line' id='line_1_1' title="bbox 325 480 1223 564; baseline -0.008 -12"><span class='ocrx_word' id='word_1_1' title='bbox 325 485 391 552; x_wconf 86' lang='lat' dir='ltr'>Sed</span> <span class='ocrx_word' id='word_1_2' title='bbox 414 487 451 550; x_wconf 93' lang='lat' dir='ltr'>ut</span> <span class='ocrx_word' id='word_1_3' title='bbox 474 485 517 550; x_wconf 89' lang='lat' dir='ltr'>ad</span> <span class='ocrx_word' id='word_1_4' title='bbox 541 483 725 550; x_wconf 82' lang='lat' dir='ltr'>Gesnerum</span> <span class='ocrx_word' id='word_1_5' title='bbox 740 484 885 564; x_wconf 85' lang='lat' dir='ltr'>redeam,</span> <span class='ocrx_word' id='word_1_6' title='bbox 902 482 936 547; x_wconf 92' lang='lat' dir='ltr'>in</span> <span class='ocrx_word' id='word_1_7' title='bbox 952 482 1101 548; x_wconf 90' lang='lat' dir='ltr'>docendo</span> <span class='ocrx_word' id='word_1_8' title='bbox 1117 480 1223 564; x_wconf 86' lang='lat' dir='ltr'>magis</span> 
     </span>
     <span class='ocr_line' id='line_1_2' title="bbox 259 589 1223 677; baseline -0.008 -17"><span class='ocrx_word' id='word_1_9' title='bbox 259 595 396 660; x_wconf 87' lang='lat' dir='ltr'>curabat</span> <span class='ocrx_word' id='word_1_10' title='bbox 418 592 550 677; x_wconf 89' lang='lat' dir='ltr'>ingenia</span> <span class='ocrx_word' id='word_1_11' title='bbox 572 594 675 674; x_wconf 91' lang='lat' dir='ltr'>bona,</span> <span class='ocrx_word' id='word_1_12' title='bbox 700 595 731 656; x_wconf 89' lang='lat' dir='ltr'>et</span> <span class='ocrx_word' id='word_1_13' title='bbox 753 591 787 655; x_wconf 92' lang='lat' dir='ltr'>in</span> <span class='ocrx_word' id='word_1_14' title='bbox 809 590 929 674; x_wconf 87' lang='lat' dir='ltr'>quibus</span> <span class='ocrx_word' id='word_1_15' title='bbox 952 589 1096 654; x_wconf 89' lang='lat' dir='ltr'>studium</span> <span class='ocrx_word' id='word_1_16' title='bbox 1119 609 1223 672; x_wconf 89' lang='lat' dir='ltr'>appa·</span> 
     </span>
     <span class='ocr_line' id='line_1_3' title="bbox 227 697 1223 782; baseline -0.005 -17"><span class='ocrx_word' id='word_1_17' title='bbox 227 713 238 734; x_wconf 78' lang='lat'>¹</span> <span class='ocrx_word' id='word_1_18' title='bbox 258 702 354 782; x_wconf 86' lang='lat' dir='ltr'>reret,</span> <span class='ocrx_word' id='word_1_19' title='bbox 377 719 479 782; x_wconf 88' lang='lat' dir='ltr'>quarn</span> <span class='ocrx_word' id='word_1_20' title='bbox 502 699 597 764; x_wconf 90' lang='lat' dir='ltr'>tarda</span> <span class='ocrx_word' id='word_1_21' title='bbox 621 701 654 763; x_wconf 89' lang='lat' dir='ltr'>et</span> <span class='ocrx_word' id='word_1_22' title='bbox 675 697 802 780; x_wconf 88' lang='lat' dir='ltr'>ignava.</span> <span class='ocrx_word' id='word_1_23' title='bbox 846 697 880 762; x_wconf 89' lang='lat' dir='ltr'>Si</span> <span class='ocrx_word' id='word_1_24' title='bbox 904 716 989 779; x_wconf 88' lang='lat' dir='ltr'>quos</span> <span class='ocrx_word' id='word_1_25' title='bbox 1013 698 1223 778; x_wconf 86' lang='lat' dir='ltr'>cognoverat,</span> 
     </span>
     <span class='ocr_line' id='line_1_4' title="bbox 258 802 1223 889; baseline -0.006 -17"><span class='ocrx_word' id='word_1_26' title='bbox 258 827 321 872; x_wconf 92' lang='lat' dir='ltr'>usu</span> <span class='ocrx_word' id='word_1_27' title='bbox 345 809 377 872; x_wconf 91' lang='lat' dir='ltr'>et</span> <span class='ocrx_word' id='word_1_28' title='bbox 399 825 435 872; x_wconf 91' lang='lat' dir='ltr'>re</span> <span class='ocrx_word' id='word_1_29' title='bbox 455 805 626 889; x_wconf 83' lang='lat' dir='ltr'>aliquoties</span> <span class='ocrx_word' id='word_1_30' title='bbox 649 808 782 887; x_wconf 88' lang='lat' dir='ltr'>tentata,</span> <span class='ocrx_word' id='word_1_31' title='bbox 806 803 885 869; x_wconf 91' lang='lat' dir='ltr'>nihil</span> <span class='ocrx_word' id='word_1_32' title='bbox 909 803 1079 887; x_wconf 89' lang='lat' dir='ltr'>proficere,</span> <span class='ocrx_word' id='word_1_33' title='bbox 1103 802 1223 884; x_wconf 90' lang='lat' dir='ltr'>ingenii</span> 
     </span>
     <span class='ocr_line' id='line_1_5' title="bbox 259 909 1234 995; baseline -0.007 -15"><span class='ocrx_word' id='word_1_34' title='bbox 259 918 292 980; x_wconf 88' lang='lat' dir='ltr'>et</span> <span class='ocrx_word' id='word_1_35' title='bbox 310 913 490 980; x_wconf 89' lang='lat' dir='ltr'>voluntatis</span> <span class='ocrx_word' id='word_1_36' title='bbox 517 913 611 994; x_wconf 90' lang='lat' dir='ltr'>vitio,</span> <span class='ocrx_word' id='word_1_37' title='bbox 642 933 699 979; x_wconf 91' lang='lat' dir='ltr'>eos</span> <span class='ocrx_word' id='word_1_38' title='bbox 726 914 794 980; x_wconf 88' lang='lat' dir='ltr'>fere</span> <span class='ocrx_word' id='word_1_39' title='bbox 825 911 1025 995; x_wconf 79' lang='lat' dir='ltr'>negligebat,</span> <span class='ocrx_word' id='word_1_40' title='bbox 1053 930 1095 976; x_wconf 92' lang='lat' dir='ltr'>ne</span> <span class='ocrx_word' id='word_1_41' title='bbox 1123 911 1157 974; x_wconf 92' lang='lat' dir='ltr'>in</span> <span class='ocrx_word' id='word_1_42' title='bbox 1183 909 1234 974; x_wconf 91' lang='lat' dir='ltr'>iis·</span> 
     </span>
     <span class='ocr_line' id='line_1_6' title="bbox 258 1021 1222 1106; baseline -0.005 -18"><span class='ocrx_word' id='word_1_43' title='bbox 258 1022 345 1088; x_wconf 89' lang='lat' dir='ltr'>male</span> <span class='ocrx_word' id='word_1_44' title='bbox 376 1022 495 1106; x_wconf 90' lang='lat' dir='ltr'>periret</span> <span class='ocrx_word' id='word_1_45' title='bbox 521 1025 665 1106; x_wconf 85' lang='lat' dir='ltr'>tempus,</span> <span class='ocrx_word' id='word_1_46' title='bbox 700 1022 792 1105; x_wconf 86' lang='lat' dir='ltr'>quod</span> <span class='ocrx_word' id='word_1_47' title='bbox 819 1021 889 1086; x_wconf 87' lang='lat' dir='ltr'>aliis</span> <span class='ocrx_word' id='word_1_48' title='bbox 915 1021 1074 1104; x_wconf 78' lang='lat' dir='ltr'>prodesse</span> <span class='ocrx_word' id='word_1_49' title='bbox 1100 1022 1222 1102; x_wconf 88' lang='lat' dir='ltr'>posset.</span> 
     </span>
     <span class='ocr_line' id='line_1_7' title="bbox 257 1127 1223 1213; baseline -0.006 -17"><span class='ocrx_word' id='word_1_50' title='bbox 257 1132 298 1197; x_wconf 84' lang='lat' dir='ltr'>Et</span> <span class='ocrx_word' id='word_1_51' title='bbox 321 1131 389 1197; x_wconf 87' lang='lat' dir='ltr'>scio</span> <span class='ocrx_word' id='word_1_52' title='bbox 412 1131 586 1213; x_wconf 88' lang='lat' dir='ltr'>quosdam,</span> <span class='ocrx_word' id='word_1_53' title='bbox 612 1148 687 1195; x_wconf 90' lang='lat' dir='ltr'>cum</span> <span class='ocrx_word' id='word_1_54' title='bbox 709 1150 744 1195; x_wconf 91' lang='lat' dir='ltr'>se</span> <span class='ocrx_word' id='word_1_55' title='bbox 767 1129 914 1194; x_wconf 91' lang='lat' dir='ltr'>viderent</span> <span class='ocrx_word' id='word_1_56' title='bbox 936 1127 1065 1211; x_wconf 82' lang='lat' dir='ltr'>negligi,</span> <span class='ocrx_word' id='word_1_57' title='bbox 1090 1131 1122 1190; x_wconf 90' lang='lat' dir='ltr'>et</span> <span class='ocrx_word' id='word_1_58' title='bbox 1145 1146 1223 1191; x_wconf 90' lang='lat' dir='ltr'>cau-</span> 
     </span>
     <span class='ocr_line' id='line_1_8' title="bbox 258 1234 1224 1321; baseline -0.007 -17"><span class='ocrx_word' id='word_1_59' title='bbox 258 1259 330 1304; x_wconf 85' lang='lat' dir='ltr'>sam</span> <span class='ocrx_word' id='word_1_60' title='bbox 352 1239 577 1319; x_wconf 77' lang='lat' dir='ltr'>intelligerent,</span> <span class='ocrx_word' id='word_1_61' title='bbox 600 1237 727 1321; x_wconf 89' lang='lat' dir='ltr'>pudore</span> <span class='ocrx_word' id='word_1_62' title='bbox 743 1237 892 1302; x_wconf 90' lang='lat' dir='ltr'>incensos</span> <span class='ocrx_word' id='word_1_63' title='bbox 917 1255 988 1300; x_wconf 90' lang='lat' dir='ltr'>esse</span> <span class='ocrx_word' id='word_1_64' title='bbox 1010 1235 1053 1300; x_wconf 94' lang='lat' dir='ltr'>ad</span> <span class='ocrx_word' id='word_1_65' title='bbox 1076 1234 1224 1299; x_wconf 87' lang='lat' dir='ltr'>studium</span> 
     </span>
     <span class='ocr_line' id='line_1_9' title="bbox 259 1341 1240 1429; baseline -0.005 -18"><span class='ocrx_word' id='word_1_66' title='bbox 259 1347 442 1426; x_wconf 87' lang='lat' dir='ltr'>doctrinae,</span> <span class='ocrx_word' id='word_1_67' title='bbox 472 1349 504 1411; x_wconf 94' lang='lat' dir='ltr'>et</span> <span class='ocrx_word' id='word_1_68' title='bbox 526 1346 684 1429; x_wconf 87' lang='lat' dir='ltr'>proficere</span> <span class='ocrx_word' id='word_1_69' title='bbox 713 1345 870 1428; x_wconf 90' lang='lat' dir='ltr'>coepisse.</span> <span class='ocrx_word' id='word_1_70' title='bbox 916 1343 1099 1408; x_wconf 84' lang='lat' dir='ltr'>Putabatur</span> <span class='ocrx_word' id='word_1_71' title='bbox 1123 1341 1240 1421; x_wconf 48' lang='lat' dir='ltr'>etiam,</span> 
     </span>
     <span class='ocr_line' id='line_1_10' title="bbox 258 1451 1223 1518; baseline -0.006 0"><span class='ocrx_word' id='word_1_72' title='bbox 258 1453 423 1518; x_wconf 91' lang='lat' dir='ltr'>interdum</span> <span class='ocrx_word' id='word_1_73' title='bbox 451 1453 691 1518; x_wconf 89' lang='lat' dir='ltr'>subiracundus</span> <span class='ocrx_word' id='word_1_74' title='bbox 720 1471 792 1517; x_wconf 85' lang='lat' dir='ltr'>esse</span> <span class='ocrx_word' id='word_1_75' title='bbox 820 1451 854 1515; x_wconf 90' lang='lat' dir='ltr'>in</span> <span class='ocrx_word' id='word_1_76' title='bbox 882 1451 1047 1517; x_wconf 88' lang='lat' dir='ltr'>docendo:</span> <span class='ocrx_word' id='word_1_77' title='bbox 1075 1468 1138 1514; x_wconf 92' lang='lat' dir='ltr'>nec</span> <span class='ocrx_word' id='word_1_78' title='bbox 1164 1468 1223 1512; x_wconf 84' lang='lat' dir='ltr'>ne-</span> 
     </span>
     <span class='ocr_line' id='line_1_11' title="bbox 226 1557 1223 1643; baseline -0.007 -16"><span class='ocrx_word' id='word_1_79' title='bbox 226 1585 228 1588; x_wconf 85' lang='lat'>·</span> <span class='ocrx_word' id='word_1_80' title='bbox 259 1561 367 1643; x_wconf 86' lang='lat' dir='ltr'>gabat,</span> <span class='ocrx_word' id='word_1_81' title='bbox 392 1581 428 1626; x_wconf 89' lang='lat' dir='ltr'>se</span> <span class='ocrx_word' id='word_1_82' title='bbox 450 1564 558 1638; x_wconf 82' lang='lat' dir='ltr'>aetate</span> <span class='ocrx_word' id='word_1_83' title='bbox 581 1580 634 1640; x_wconf 87' lang='lat' dir='ltr'>ea,</span> <span class='ocrx_word' id='word_1_84' title='bbox 663 1579 750 1642; x_wconf 86' lang='lat' dir='ltr'>quae</span> <span class='ocrx_word' id='word_1_85' title='bbox 776 1557 954 1624; x_wconf 87' lang='lat' dir='ltr'>ferventior</span> <span class='ocrx_word' id='word_1_86' title='bbox 982 1560 1067 1623; x_wconf 89' lang='lat' dir='ltr'>esset</span> <span class='ocrx_word' id='word_1_87' title='bbox 1093 1560 1223 1636; x_wconf 89' lang='lat' dir='ltr'>natura,</span> 
     </span>
     <span class='ocr_line' id='line_1_12' title="bbox 258 1666 1223 1750; baseline -0.003 -18"><span class='ocrx_word' id='word_1_88' title='bbox 258 1669 293 1733; x_wconf 94' lang='lat' dir='ltr'>in</span> <span class='ocrx_word' id='word_1_89' title='bbox 315 1668 378 1734; x_wconf 95' lang='lat' dir='ltr'>hoe</span> <span class='ocrx_word' id='word_1_90' title='bbox 401 1669 616 1734; x_wconf 88' lang='lat' dir='ltr'>infirmiorem</span> <span class='ocrx_word' id='word_1_91' title='bbox 639 1667 755 1735; x_wconf 87' lang='lat' dir='ltr'>fuisse:</span> <span class='ocrx_word' id='word_1_92' title='bbox 784 1667 992 1750; x_wconf 79' lang='lat' dir='ltr'>addebatque</span> <span class='ocrx_word' id='word_1_93' title='bbox 1019 1687 1078 1750; x_wconf 91' lang='lat' dir='ltr'>per</span> <span class='ocrx_word' id='word_1_94' title='bbox 1103 1666 1223 1744; x_wconf 91' lang='lat' dir='ltr'>iocum,</span> 
     </span>
     <span class='ocr_line' id='line_1_13' title="bbox 258 1773 1222 1862; baseline -0.004 -22"><span class='ocrx_word' id='word_1_95' title='bbox 258 1775 413 1841; x_wconf 89' lang='lat' dir='ltr'>solatium</span> <span class='ocrx_word' id='word_1_96' title='bbox 448 1776 510 1842; x_wconf 92' lang='lat' dir='ltr'>sibi</span> <span class='ocrx_word' id='word_1_97' title='bbox 545 1779 578 1841; x_wconf 90' lang='lat' dir='ltr'>et</span> <span class='ocrx_word' id='word_1_98' title='bbox 613 1776 684 1840; x_wconf 91' lang='lat' dir='ltr'>aliis</span> <span class='ocrx_word' id='word_1_99' title='bbox 719 1774 978 1862; x_wconf 88' lang='lat' dir='ltr'>iracundioribus</span> <span class='ocrx_word' id='word_1_100' title='bbox 1005 1773 1040 1838; x_wconf 92' lang='lat' dir='ltr'>in</span> <span class='ocrx_word' id='word_1_101' title='bbox 1070 1773 1222 1838; x_wconf 91' lang='lat' dir='ltr'>docendo</span> 
     </span>
     <span class='ocr_line' id='line_1_14' title="bbox 259 1881 1223 1967; baseline -0.004 -19"><span class='ocrx_word' id='word_1_102' title='bbox 259 1882 436 1948; x_wconf 87' lang='lat' dir='ltr'>honestum</span> <span class='ocrx_word' id='word_1_103' title='bbox 459 1887 491 1950; x_wconf 91' lang='lat' dir='ltr'>et</span> <span class='ocrx_word' id='word_1_104' title='bbox 513 1903 673 1967; x_wconf 89' lang='lat' dir='ltr'>magnum</span> <span class='ocrx_word' id='word_1_105' title='bbox 696 1903 767 1948; x_wconf 88' lang='lat' dir='ltr'>esse</span> <span class='ocrx_word' id='word_1_106' title='bbox 790 1882 984 1949; x_wconf 85' lang='lat' dir='ltr'>aGicerone</span> <span class='ocrx_word' id='word_1_107' title='bbox 1007 1881 1223 1964; x_wconf 88' lang='lat' dir='ltr'>propositum,</span> 
     </span>
     <span class='ocr_line' id='line_1_15' title="bbox 259 1987 1223 2074; baseline -0.003 -20"><span class='ocrx_word' id='word_1_108' title='bbox 259 1989 361 2073; x_wconf 90' lang='lat' dir='ltr'>quod,</span> <span class='ocrx_word' id='word_1_109' title='bbox 397 1993 434 2055; x_wconf 87' lang='lat' dir='ltr'>ut</span> <span class='ocrx_word' id='word_1_110' title='bbox 469 1991 608 2074; x_wconf 85' lang='lat' dir='ltr'>quisque</span> <span class='ocrx_word' id='word_1_111' title='bbox 643 1989 844 2071; x_wconf 88' lang='lat' dir='ltr'>ingeniosior</span> <span class='ocrx_word' id='word_1_112' title='bbox 877 1989 928 2070; x_wconf 88' lang='lat' dir='ltr'>sit,</span> <span class='ocrx_word' id='word_1_113' title='bbox 964 2009 1005 2053; x_wconf 91' lang='lat' dir='ltr'>eo</span> <span class='ocrx_word' id='word_1_114' title='bbox 1036 1987 1223 2053; x_wconf 88' lang='lat' dir='ltr'>iracundius</span> 
     </span>
     <span class='ocr_line' id='line_1_16' title="bbox 260 2094 1224 2182; baseline -0.003 -20"><span class='ocrx_word' id='word_1_115' title='bbox 260 2097 378 2163; x_wconf 90' lang='lat' dir='ltr'>docere</span> <span class='ocrx_word' id='word_1_116' title='bbox 401 2094 537 2182; x_wconf 87' lang='lat' dir='ltr'>dicat*).</span> <span class='ocrx_word' id='word_1_117' title='bbox 572 2097 689 2163; x_wconf 86' lang='lat' dir='ltr'>Aetate</span> <span class='ocrx_word' id='word_1_118' title='bbox 713 2097 916 2181; x_wconf 88' lang='lat' dir='ltr'>provectiori,</span> <span class='ocrx_word' id='word_1_119' title='bbox 941 2096 1059 2176; x_wconf 84' lang='lat' dir='ltr'>audivi,</span> <span class='ocrx_word' id='word_1_120' title='bbox 1083 2095 1224 2160; x_wconf 86' lang='lat' dir='ltr'>libenter</span> 
     </span>
    </p>

    <p class='ocr_par' dir='ltr' id='par_1_2' title="bbox 228 2201 1225 3130">
     <span class='ocr_line' id='line_1_17' title="bbox 259 2201 1224 2289; baseline -0.004 -19"><span class='ocrx_word' id='word_1_121' title='bbox 259 2225 298 2270; x_wconf 90' lang='lat' dir='ltr'>ac</span> <span class='ocrx_word' id='word_1_122' title='bbox 321 2225 420 2289; x_wconf 80' lang='lat' dir='ltr'>saepe</span> <span class='ocrx_word' id='word_1_123' title='bbox 451 2205 574 2286; x_wconf 90' lang='lat' dir='ltr'>digredi</span> <span class='ocrx_word' id='word_1_124' title='bbox 597 2205 728 2270; x_wconf 89' lang='lat' dir='ltr'>solitum</span> <span class='ocrx_word' id='word_1_125' title='bbox 751 2205 795 2269; x_wconf 86' lang='lat' dir='ltr'>ad</span> <span class='ocrx_word' id='word_1_126' title='bbox 817 2203 980 2269; x_wconf 89' lang='lat' dir='ltr'>rationem</span> <span class='ocrx_word' id='word_1_127' title='bbox 1002 2201 1224 2286; x_wconf 85' lang='lat' dir='ltr'>praecipiendi</span> 
     </span>
     <span class='ocr_line' id='line_1_18' title="bbox 228 2297 1224 2394; baseline -0.003 -17"><span class='ocrx_word' id='word_1_128' title='bbox 228 2297 230 2304; x_wconf 56' lang='grc'><em>’</em></span> <span class='ocrx_word' id='word_1_129' title='bbox 260 2312 301 2376; x_wconf 93' lang='lat' dir='ltr'>de</span> <span class='ocrx_word' id='word_1_130' title='bbox 323 2312 482 2392; x_wconf 88' lang='lat' dir='ltr'>moribus,</span> <span class='ocrx_word' id='word_1_131' title='bbox 507 2315 539 2377; x_wconf 88' lang='lat' dir='ltr'>et</span> <span class='ocrx_word' id='word_1_132' title='bbox 561 2311 604 2376; x_wconf 90' lang='lat' dir='ltr'>ad</span> <span class='ocrx_word' id='word_1_133' title='bbox 628 2311 837 2394; x_wconf 86' lang='lat' dir='ltr'>explicandos</span> <span class='ocrx_word' id='word_1_134' title='bbox 860 2309 952 2376; x_wconf 90' lang='lat' dir='ltr'>locos</span> <span class='ocrx_word' id='word_1_135' title='bbox 974 2329 1166 2376; x_wconf 90' lang='lat' dir='ltr'>communes</span> <span class='ocrx_word' id='word_1_136' title='bbox 1183 2329 1224 2374; x_wconf 83' lang='lat' dir='ltr'>ex</span> 
     </span>
     <span class='ocr_line' id='line_1_19' title="bbox 260 2416 1222 2503; baseline -0.004 -19"><span class='ocrx_word' id='word_1_137' title='bbox 260 2439 300 2484; x_wconf 91' lang='lat' dir='ltr'>eo</span> <span class='ocrx_word' id='word_1_138' title='bbox 324 2439 453 2503; x_wconf 89' lang='lat' dir='ltr'>genere,</span> <span class='ocrx_word' id='word_1_139' title='bbox 477 2439 582 2502; x_wconf 89' lang='lat' dir='ltr'>prope</span> <span class='ocrx_word' id='word_1_140' title='bbox 605 2419 639 2482; x_wconf 95' lang='lat' dir='ltr'>in</span> <span class='ocrx_word' id='word_1_141' title='bbox 663 2419 859 2484; x_wconf 83' lang='lat' dir='ltr'>concionum</span> <span class='ocrx_word' id='word_1_142' title='bbox 874 2419 1022 2482; x_wconf 88' lang='lat' dir='ltr'>modum.</span> <span class='ocrx_word' id='word_1_143' title='bbox 1062 2416 1154 2495; x_wconf 90' lang='lat' dir='ltr'>Quae</span> <span class='ocrx_word' id='word_1_144' title='bbox 1170 2435 1222 2481; x_wconf 89' lang='lat' dir='ltr'>res</span> 
     </span>
     <span class='ocr_line' id='line_1_20' title="bbox 259 2524 1225 2608; baseline -0.004 -16"><span class='ocrx_word' id='word_1_145' title='bbox 259 2529 287 2592; x_wconf 92' lang='lat' dir='ltr'>si</span> <span class='ocrx_word' id='word_1_146' title='bbox 322 2526 432 2592; x_wconf 90' lang='lat' dir='ltr'>minus</span> <span class='ocrx_word' id='word_1_147' title='bbox 468 2527 604 2592; x_wconf 91' lang='lat' dir='ltr'>consilio</span> <span class='ocrx_word' id='word_1_148' title='bbox 640 2527 790 2608; x_wconf 88' lang='lat' dir='ltr'>docendi,</span> <span class='ocrx_word' id='word_1_149' title='bbox 825 2530 860 2592; x_wconf 87' lang='lat' dir='ltr'>at</span> <span class='ocrx_word' id='word_1_150' title='bbox 894 2526 1011 2592; x_wconf 89' lang='lat' dir='ltr'>aetatis</span> <span class='ocrx_word' id='word_1_151' title='bbox 1038 2524 1225 2590; x_wconf 86' lang='lat' dir='ltr'>auctoritati</span> 
     </span>
     <span class='ocr_line' id='line_1_21' title="bbox 260 2631 1222 2716; baseline -0.002 -18"><span class='ocrx_word' id='word_1_152' title='bbox 260 2636 338 2716; x_wconf 88' lang='lat' dir='ltr'>apta</span> <span class='ocrx_word' id='word_1_153' title='bbox 360 2633 430 2714; x_wconf 85' lang='lat' dir='ltr'>fuit,</span> <span class='ocrx_word' id='word_1_154' title='bbox 455 2633 547 2698; x_wconf 90' lang='lat' dir='ltr'>cuius</span> <span class='ocrx_word' id='word_1_155' title='bbox 570 2633 704 2716; x_wconf 86' lang='lat' dir='ltr'>propria</span> <span class='ocrx_word' id='word_1_156' title='bbox 720 2636 780 2713; x_wconf 90' lang='lat' dir='ltr'>est,</span> <span class='ocrx_word' id='word_1_157' title='bbox 805 2636 841 2697; x_wconf 91' lang='lat' dir='ltr'>ut</span> <span class='ocrx_word' id='word_1_158' title='bbox 855 2631 1021 2698; x_wconf 89' lang='lat' dir='ltr'>verissime</span> <span class='ocrx_word' id='word_1_159' title='bbox 1037 2631 1083 2696; x_wconf 92' lang='lat' dir='ltr'>ait</span> <span class='ocrx_word' id='word_1_160' title='bbox 1099 2631 1222 2712; x_wconf 86' lang='lat' dir='ltr'>Cicero,</span> 
     </span>
     <span class='ocr_line' id='line_1_22' title="bbox 259 2739 1223 2822; baseline -0.002 -17"><span class='ocrx_word' id='word_1_161' title='bbox 259 2739 425 2820; x_wconf 89' lang='lat' dir='ltr'>monendi,</span> <span class='ocrx_word' id='word_1_162' title='bbox 450 2739 650 2822; x_wconf 85' lang='lat' dir='ltr'>cohortandi,</span> <span class='ocrx_word' id='word_1_163' title='bbox 679 2740 764 2804; x_wconf 88' lang='lat' dir='ltr'>adde</span> <span class='ocrx_word' id='word_1_164' title='bbox 789 2739 888 2804; x_wconf 87' lang='lat' dir='ltr'>etiam</span> <span class='ocrx_word' id='word_1_165' title='bbox 912 2739 1107 2820; x_wconf 90' lang='lat' dir='ltr'>obiurgandi</span> <span class='ocrx_word' id='word_1_166' title='bbox 1130 2759 1223 2805; x_wconf 90' lang='lat' dir='ltr'>seve·</span> 
     </span>
     <span class='ocr_line' id='line_1_23' title="bbox 259 2845 1223 2930; baseline 0 -18"><span class='ocrx_word' id='word_1_167' title='bbox 259 2847 338 2912; x_wconf 90' lang='lat' dir='ltr'>ritas</span> <span class='ocrx_word' id='word_1_168' title='bbox 362 2848 395 2910; x_wconf 91' lang='lat' dir='ltr'>et</span> <span class='ocrx_word' id='word_1_169' title='bbox 418 2845 568 2930; x_wconf 86' lang='lat' dir='ltr'>gravitas,</span> <span class='ocrx_word' id='word_1_170' title='bbox 592 2866 693 2929; x_wconf 90' lang='lat' dir='ltr'>quam</span> <span class='ocrx_word' id='word_1_171' title='bbox 717 2847 815 2912; x_wconf 86' lang='lat' dir='ltr'>etiarn</span> <span class='ocrx_word' id='word_1_172' title='bbox 834 2845 1057 2912; x_wconf 89' lang='lat' dir='ltr'>verbosiorem</span> <span class='ocrx_word' id='word_1_173' title='bbox 1072 2850 1223 2912; x_wconf 88' lang='lat' dir='ltr'>senectus</span> 
     </span>
     <span class='ocr_line' id='line_1_24' title="bbox 260 2953 1224 3039; baseline 0.003 -21"><span class='ocrx_word' id='word_1_174' title='bbox 260 2954 332 3039; x_wconf 91' lang='lat' dir='ltr'>ipsa</span> <span class='ocrx_word' id='word_1_175' title='bbox 366 2954 451 3035; x_wconf 87' lang='lat' dir='ltr'>fecit,</span> <span class='ocrx_word' id='word_1_176' title='bbox 485 2954 681 3038; x_wconf 88' lang='lat' dir='ltr'>praesertim</span> <span class='ocrx_word' id='word_1_177' title='bbox 714 2953 748 3020; x_wconf 90' lang='lat' dir='ltr'>in</span> <span class='ocrx_word' id='word_1_178' title='bbox 778 2975 826 3038; x_wconf 88' lang='lat' dir='ltr'>eo,</span> <span class='ocrx_word' id='word_1_179' title='bbox 855 2954 911 3038; x_wconf 87' lang='lat' dir='ltr'>qui</span> <span class='ocrx_word' id='word_1_180' title='bbox 940 2954 1039 3020; x_wconf 88' lang='lat' dir='ltr'>etiarn</span> <span class='ocrx_word' id='word_1_181' title='bbox 1061 2954 1095 3019; x_wconf 93' lang='lat' dir='ltr'>in</span> <span class='ocrx_word' id='word_1_182' title='bbox 1118 2955 1224 3022; x_wconf 85' lang='lat' dir='ltr'>verbis</span> 
     </span>
     <span class='ocr_line' id='line_1_25' title="bbox 260 3061 702 3130; baseline 0.005 -3"><span class='ocrx_word' id='word_1_183' title='bbox 260 3061 449 3127; x_wconf 83' lang='lat' dir='ltr'>exercendis</span> <span class='ocrx_word' id='word_1_184' title='bbox 473 3067 702 3130; x_wconf 88' lang='lat' dir='ltr'>consenuerat.</span> 
     </span>
    </p>
   </div>
   <div class='ocr_carea' id='block_1_2' title="bbox 259 3219 1224 3458">
    <p class='ocr_par' dir='ltr' id='par_1_3' title="bbox 259 3219 1224 3458">
     <span class='ocr_line' id='line_1_26' title="bbox 331 3219 1224 3292; baseline 0 -17"><span class='ocrx_word' id='word_1_185' title='bbox 331 3220 358 3291; x_wconf 87' lang='lat'>*)</span> <span class='ocrx_word' id='word_1_186' title='bbox 379 3221 439 3277; x_wconf 87' lang='lat' dir='ltr'>Cic.</span> <span class='ocrx_word' id='word_1_187' title='bbox 458 3235 510 3292; x_wconf 89' lang='lat' dir='ltr'>pro</span> <span class='ocrx_word' id='word_1_188' title='bbox 530 3221 616 3278; x_wconf 74' lang='lat' dir='ltr'>Rosa</span> <span class='ocrx_word' id='word_1_189' title='bbox 633 3221 713 3277; x_wconf 84' lang='lat' dir='ltr'>Com.</span> <span class='ocrx_word' id='word_1_190' title='bbox 734 3223 806 3276; x_wconf 83' lang='lat' dir='ltr'>cll</span> <span class='ocrx_word' id='word_1_191' title='bbox 827 3219 903 3290; x_wconf 59' lang='lat' dir='ltr'>§3ss</span> <span class='ocrx_word' id='word_1_192' title='bbox 924 3220 999 3276; x_wconf 84' lang='lat' dir='ltr'>Nam</span> <span class='ocrx_word' id='word_1_193' title='bbox 1018 3235 1077 3292; x_wconf 90' lang='lat' dir='ltr'>quo</span> <span class='ocrx_word' id='word_1_194' title='bbox 1097 3220 1224 3291; x_wconf 82' lang='lat' dir='ltr'>quisque</span> 
     </span>
     <span class='ocr_line' id='line_1_27' title="bbox 260 3309 1223 3382; baseline -0.002 -15"><span class='ocrx_word' id='word_1_195' title='bbox 260 3313 307 3367; x_wconf 84' lang='lat' dir='ltr'>est</span> <span class='ocrx_word' id='word_1_196' title='bbox 325 3309 476 3366; x_wconf 76' lang='lat' dir='ltr'>aonenior</span> <span class='ocrx_word' id='word_1_197' title='bbox 494 3312 525 3366; x_wconf 85' lang='lat' dir='ltr'>et</span> <span class='ocrx_word' id='word_1_198' title='bbox 543 3310 738 3382; x_wconf 80' lang='lat' dir='ltr'>ingeniosior,</span> <span class='ocrx_word' id='word_1_199' title='bbox 757 3310 813 3366; x_wconf 92' lang='lat' dir='ltr'>hoc</span> <span class='ocrx_word' id='word_1_200' title='bbox 832 3310 921 3366; x_wconf 88' lang='lat' dir='ltr'>docet</span> <span class='ocrx_word' id='word_1_201' title='bbox 944 3309 1114 3366; x_wconf 83' lang='lat' dir='ltr'>iracundius</span> <span class='ocrx_word' id='word_1_202' title='bbox 1134 3312 1165 3365; x_wconf 89' lang='lat' dir='ltr'>et</span> <span class='ocrx_word' id='word_1_203' title='bbox 1182 3309 1223 3365; x_wconf 86' lang='lat' dir='ltr'>lo·</span> 
     </span>
     <span class='ocr_line' id='line_1_28' title="bbox 259 3400 416 3458; baseline -0.025 0"><span class='ocrx_word' id='word_1_204' title='bbox 259 3400 416 3458; x_wconf 81' lang='lat' dir='ltr'>boriosiuo.</span> 
     </span>
    </p>
   </div>
   <div class='ocr_carea' id='block_1_3' title="bbox 0 0 1432 4152">
    <p class='ocr_par' dir='ltr' id='par_1_4' title="bbox 0 0 1432 4152">
     <span class='ocr_line' id='line_1_29' title="bbox 0 0 1432 4152; baseline 0 0"><span class='ocrx_word' id='word_1_205' title='bbox 0 0 1432 4152; x_wconf 95' lang='lat' dir='ltr'> </span> 
     </span>
    </p>
   </div>
  </div>
 </body>
</html>
