2852 4152
260 478 330 542 Par
353 475 500 557 aequitas
524 480 597 542 6111
619 476 775 543 adversus
799 495 863 558 eos,
887 494 1064 557 equorum
1087 494 1157 542 sen·

193 583 304 650 tentiis
333 584 534 667 discreparet
564 603 631 666 sua,
663 603 723 649 nec
750 583 841 649 modo
872 583 906 648 in
937 583 1076 648 consiliis
1106 602 1157 648 ca·

194 690 332 773 piendis,
358 693 414 758 sed
438 693 536 758 etiam
558 693 592 758 in
615 691 830 758 communibus
852 691 970 774 literis,
999 710 1059 757 nec
1080 691 1158 773 vidi,

195 799 249 879 qui
271 799 406 882 facilius,
431 800 485 866 ubi
507 800 629 868 veritas
648 802 689 866 ab
706 819 740 865 se
756 818 820 865 non
836 803 950 880 staret,
973 799 1008 864 in
1024 797 1158 865 alterius
1184 785 1185 802 ³

196 905 390 972 sententiam
405 907 604 974 flecteretur:
630 908 747 990 quippe
767 925 831 972 non
846 925 891 990 se,
915 907 973 972 sed
987 905 1160 973 veritatem

197 1015 377 1094 spectabat.
433 1013 544 1094 Atque
584 1014 696 1096 etiam,
736 1033 807 1080 cum
843 1013 877 1078 in
915 1013 1159 1095 disputatorem,

196 1121 342 1199 quamvis
372 1120 489 1186 falsum
517 1121 715 1204 defenderet,
747 1126 855 1186 tamen
885 1121 1084 1204 pertinacem
1113 1119 1160 1184 in·
1185 1126 1187 1132 '

160 1225 174 1252 ²
197 1226 331 1308 cideret,
355 1222 525 1307 aliquoties
549 1232 678 1292 tentata
694 1226 900 1310 correctione,
925 1227 979 1292 ubi
994 1227 1073 1292 nihil
1088 1245 1160 1309 pro-

196 1333 342 1415 ficiebat,
378 1334 493 1399 cedere
527 1353 563 1399 se
604 1333 792 1416 simulabat,
827 1353 864 1400 eo
896 1335 1007 1416 vultu,
1038 1339 1076 1399 ut
1108 1334 1162 1399 ille

197 1442 316 1506 stultus
351 1442 449 1507 etiam
479 1461 514 1508 se
540 1441 656 1510 vicisse
679 1443 852 1524 gauderet:
881 1461 976 1523 qnam
1003 1441 1163 1508 laetitiam

199 1568 234 1614 se
257 1549 535 1618 neminilnvidere
551 1550 688 1616 dicebat.
719 1550 867 1619 (larebat
884 1555 1003 1633 tamen,
1020 1570 1061 1616 ne
1076 1555 1162 1632 post·

197 1657 259 1721 hac
289 1657 348 1723 tali
380 1657 590 1740 disputationi
606 1677 641 1723 se
656 1657 830 1723 immittere
856 1677 986 1723 necesse
1016 1659 1162 1724 haberet.

198 1763 250 1830 Ac
284 1765 347 1831 scio
382 1765 496 1849 fuisse,
533 1785 666 1847 quocum
701 1767 740 1831 de
774 1765 1096 1848 interpretationibus
1130 1769 1165 1830 11

199 1871 474 1938 emendationibus
508 1873 649 1938 locorum
683 1871 857 1938 difficilium
893 1890 1055 1938 sermones
1091 1890 1162 1936 con-

200 1979 286 2044 ferre
310 1979 394 2045 omni
417 1980 509 2044 modo
534 1979 673 2062 fugeret.

266 2087 300 2152 Α
323 2087 437 2168 qtdbus
460 2107 537 2155 vero
562 2088 671 2168 durius
694 2088 762 2170 ipse
786 2092 948 2154 tractatus
966 2093 1037 2154 1111
1055 2087 1089 2153 in
1104 2089 1165 2153 hoc

199 2214 329 2277 genere,
353 2195 392 2260 iis
416 2215 577 2276 nunquam
600 2198 715 2260 acerbe
738 2195 913 2276 rescripsit.
952 2195 1028 2260 Non
1043 2196 1166 2260 11111111

200 2305 321 2368 Ρ111111
345 2304 549 2368 Burmannus
578 2303 757 2368 dissensum
785 2303 853 2368 eius
879 2302 913 2368 in
935 2302 1013 2368 locis
1037 2301 1164 2386 Quinti-

165 2497 166 2500 *
200 2409 323 2475 lianeis.
363 2411 481 2490 Itaque
504 2409 538 2474 in
561 2409 713 2475 Lucaniis
735 2409 820 2474 notis
837 2409 1016 2491 aliquoties,
1040 2413 1077 2474 ut
1093 2409 1164 2492 scis,

201 2517 376 2583 Ruhnkeni
421 2517 631 2599 Doctissime,
678 2517 899 2584 vehementius
944 2516 1165 2598 rescripserat.
1202 2597 1205 2601 Ι

202 2624 290 2709 Quid
306 2621 494 2691 Gesnerus?
512 2623 620 2688 Nihil
642 2622 705 2688 nisi
719 2622 838 2688 leniter
858 2628 989 2704 questus
1005 2629 1056 2688 est
1072 2642 1168 2706 snper
1202 2622 1204 2630 ’

202 2731 319 2798 iniuria
342 2731 428 2814 apud
447 2732 643 2812 Ruckerum,
667 2732 782 2812 Ictum,
800 2731 978 2796 Burmanni
997 2732 1166 2812 collegam3
1192 2733 1193 2738 ’

203 2856 223 2902 1
247 2856 310 2918 quo
327 2835 478 2902 facillime
495 2843 648 2904 exoratus
667 2843 728 2920 est,
752 2841 790 2903 ut
805 2842 956 2920 parceret
971 2837 1050 2920 seni,
1075 2857 1168 2918 quem
1203 2861 1204 2864 ¹

168 2957 181 2976 *
203 2944 298 3010 nimio
327 2945 417 3026 plnS,
448 2943 620 3028 adfligeret
653 2949 782 3011 morbus
813 2945 1031 3028 gravissimus.
1082 2947 1168 3011 Pon·
1194 2953 1204 2994 'f

204 3053 337 3118 tederae
360 3071 503 3118 morosas
527 3057 560 3118 et
582 3053 763 3136 suspicaccs
787 3052 920 3118 iniurias
947 3051 1051 3134 magis
1075 3072 1170 3133 quam
1191 3101 1193 3105 ν

205 3161 364 3240 querelas,
389 3160 544 3241 quomodo
569 3160 743 3242 exceperit,
773 3159 1194 3241 111111111111111)111111-’Ι

203 3268 311 3349 missa,
341 3286 438 3334 veras
469 3272 502 3332 et
531 3269 619 3332 lenes
647 3267 794 3347 querelas
821 3265 984 3331 atrocibus
1013 3285 1171 3348 reponens

205 3374 331 3460 (praet
346 3373 497 3460 Luciani)
521 3393 585 3440 non
606 3375 747 3457 ignoras.
784 3373 971 3458 Menkeni0,
996 3373 1060 3458 qui,
1083 3375 1172 3441 nulla

605 3590 794 3678 --11-1
