2852 4152
1227 393 1313 410 m

259 482 436 547 doctrinam
471 479 576 563 potius
611 500 653 545 an
692 479 886 561 elegantiam
921 483 955 544 et
988 479 1219 544 humanitatem

258 588 497 672 praedicarent,
526 587 582 654 vix
610 589 829 653 decernerent.
876 589 923 652 111
951 593 1002 652 111
1027 587 1082 652 illa
1109 586 1234 652 biblio·

258 697 362 777 theca,
387 695 441 760 ubi
463 694 578 776 aliquis
601 699 693 776 optet
708 694 949 759 Bibliothecarii
969 713 1100 759 munere
1116 693 1217 776 fungi,

258 803 358 885 digna
385 801 636 866 Bibliothecario
665 802 822 868 Gesnero.
874 802 950 867 Non
977 801 1094 882 dicam,
1124 819 1218 881 quam

257 913 338 975 bene
361 909 497 990 habitet,
522 928 713 990 quamquum
735 910 796 974 hoc
819 927 942 990 quoque
970 909 1004 974 in
1026 908 1218 980 bibliotheca

257 1017 417 1082 1111111111.
457 1015 558 1081 Initia
574 1016 668 1097 illius,
686 1035 768 1096 qnae
784 1016 848 1084 vidi
872 1016 940 1098 ipse
963 1016 998 1083 in
1020 1015 1219 1081 dedicatione

257 1123 384 1189 scholae
422 1141 536 1205 novae,
576 1127 671 1188 eraut
709 1141 757 1204 ea,
793 1128 831 1188 ut
868 1123 973 1188 iustae
1007 1123 1218 1188 bibliothecae

257 1231 382 1296 modum
409 1231 576 1298 haberent.
624 1232 688 1298 Sed
722 1234 762 1297 ab
796 1232 849 1296 illo
885 1236 1037 1314 tempore,
1067 1230 1219 1312 ampliata

257 1337 415 1418 utrimque
451 1338 526 1403 sede
561 1358 629 1421 sua,
665 1339 862 1405 incrementa
893 1339 986 1422 cepit,
1015 1342 1135 1419 quanta
1164 1337 1220 1403 vix

257 1444 360 1509 tribus
383 1445 497 1510 seculis
520 1446 584 1510 alia
607 1451 727 1528 speret.
766 1445 925 1530 Quicquid
948 1445 1071 1527 uspiam
1092 1444 1222 1524 dignum

256 1551 312 1617 illa
334 1552 409 1616 sede
433 1552 554 1634 prodit,
579 1551 613 1616 id
636 1571 672 1617 eo
697 1551 855 1616 defertur:
887 1550 1034 1631 quicquid
1064 1548 1222 1630 quispiam

257 1659 297 1723 de
319 1658 515 1723 Doctoribus
544 1659 679 1740 publicis
702 1663 794 1740 optet
816 1657 861 1722 ibi
884 1676 964 1740 esse,
995 1657 1039 1738 id,
1063 1656 1144 1722 utibi
1167 1656 1220 1738 sit,

258 1771 400 1830 curatur.
454 1765 607 1847 Catalogi
642 1767 682 1830 ab
718 1765 861 1830 omnibus
894 1766 1047 1847 Europae
1075 1763 1222 1846 partibus

258 1875 431 1940 convolant
465 1873 508 1938 ad
542 1873 781 1951 Munchusium;
818 1874 858 1938 ab
894 1890 930 1937 eo
967 1873 1009 1937 ad
1042 1872 1220 1937 Bibliothe-

259 1982 378 2047 carium
405 1981 549 2062 veniunt,
585 1986 622 2046 ut
656 1981 732 2061 quid
765 1980 836 2062 ipsi,
872 1980 949 2061 quid
979 1978 1222 2045 Professoribus

258 2089 395 2172 placeat,
417 2093 551 2170 ematur,
576 2089 663 2154 nulla
679 2088 769 2171 copia
785 2088 848 2155 viri
864 2087 981 2154 summi
995 2087 1222 2153 liberalitatem

258 2196 431 2279 fatigante.

325 2303 547 2369 Seminarium
570 2303 811 2386 Philologicum,
836 2303 935 2384 ipsius
959 2303 999 2366 de
1023 2300 1221 2366 1111111111-

259 2411 422 2493 stitutum,
456 2411 569 2476 habuit
597 2413 732 2478 eundem
764 2411 843 2476 adeo
874 2415 1038 2476 auctorem
1068 2415 1102 2475 et
1129 2428 1221 2492 prae·

258 2521 368 2587 sidem.
409 2519 593 2600 Scripserat
615 2519 699 2600 olim,
723 2519 828 2584 adhuc
850 2537 953 2599 paene
973 2517 1099 2585 iuvenis
1114 2518 1222 2582 Jenae

259 2629 299 2693 de
322 2627 449 2692 Buddei
472 2627 647 2692 sententia:
677 2626 907 2692 [restitutiones
933 2625 981 2691 rei
1002 2623 1221 2691 scholasticae.

258 2735 338 2800 Eius
361 2734 435 2799 libri
458 2739 524 2798 tum
549 2733 712 2798 consilium
741 2739 825 2815 erat,
850 2737 887 2799 ut
914 2733 1104 2799 lectionibus
1127 2751 1239 2814 super

260 2861 296 2908 eo
326 2841 483 2907 habendis
513 2840 644 2908 iuuenes
675 2841 806 2906 idoneos
830 2840 1045 2906 conformaret
1068 2840 1110 2904 ad
1133 2840 1221 2904 scho-

259 2947 406 3014 lasticum
429 2967 542 3013 munus
569 2953 657 3013 recte
681 2949 872 3028 obeundum
897 2968 938 3015 ne
956 2948 1081 3031 agendo
1098 2947 1223 3013 demum

259 3055 383 3121 discere
413 3074 543 3120 necesse
578 3057 745 3121 haberent.
797 3057 861 3122 Sed
895 3057 929 3123 id
963 3055 1127 3122 consilium
1155 3060 1223 3120 tum

259 3167 332 3229 erat
365 3162 552 3244 impeditum
586 3163 754 3230 vocatione
790 3163 985 3232 Vinariensi.
1040 3162 1223 3232 Videbatur

260 3270 290 3336 ei
325 3269 446 3335 consilii
480 3270 573 3336 huius
608 3271 650 3336 ad
684 3291 751 3336 rem
784 3271 960 3338 ‹terlucendi
999 3269 1223 3352 opportunitas

260 3377 337 3444 data
361 3396 431 3444 esse
448 3378 637 3461 Gottingae,
662 3379 716 3445 ubi
740 3385 774 3445 et
797 3379 934 3445 11111111
954 3377 1106 3445 iuvenum
1122 3381 1219 3461 esset,
