2852 4152
192 391 1319 422 Q

277 459 422 525 residens
446 459 480 524 in
503 460 581 524 solio
606 460 801 542 expectabat
816 477 967 540 somnum,
993 458 1046 539 qui
1062 458 1092 523 ei
1106 463 1241 540 paratus

277 572 311 631 et
334 567 555 648 perofficiosus
579 567 708 648 aderat,
738 567 810 648 sed,
835 571 872 632 ut
894 566 1024 630 humani
1047 567 1262 646 5111113101111

275 675 516 757 negotiosorum
541 674 701 741 hominum
725 675 839 756 solent,
863 675 921 742 uix
944 675 1030 740 ultra
1049 675 1148 740 horae
1164 693 1240 753 qua·

276 783 423 847 drentem
436 783 598 847 manebat:
613 785 766 846 ettamen
782 783 877 863 plane
892 786 1058 846 recreatus
1076 782 1240 862 surgebat.

279 889 443 970 Negabat,
475 907 511 954 se
541 889 609 953 sine
636 889 697 953 hac
723 888 898 954 reiectione
927 888 1007 954 satis
1034 889 1173 953 alacrem
1200 887 1243 952 ad

237 1067 238 1070 Ἴ
277 995 434 1075 reliquam
460 995 523 1060 diei
546 999 672 1077 partem
697 1014 779 1061 esse.
815 995 849 1060 A
868 1014 976 1076 coena,
1002 1015 1097 1076 quam
1113 999 1242 1060 tenuem

278 1107 312 1167 et
335 1123 466 1184 parcam
494 1104 655 1183 sumebat,
686 1102 720 1167 in
746 1122 889 1168 museum
915 1105 1084 1185 pergebat,
1113 1101 1241 1168 studiis·

278 1229 339 1291 que
375 1209 549 1290 doctrinae,
585 1210 638 1275 rel
673 1209 817 1290 epistolis
844 1209 1031 1290 scribendis,
1062 1211 1104 1275 ad
1131 1210 1243 1274 horam

278 1316 432 1382 decimam
448 1318 598 1383 uacabat.
632 1317 673 1381 Id
696 1321 832 1397 tempus,
858 1316 941 1396 quod
965 1316 1035 1383 sine
1057 1317 1242 1398 interpella·

278 1424 403 1490 toribus
439 1423 573 1505 exigere
608 1423 736 1504 licebat,
773 1422 917 1504 inprimis
952 1442 1061 1488 carum
1091 1424 1242 1505 habebat,

277 1533 371 1614 idque
396 1531 457 1597 sibi
480 1532 562 1614 eripi
581 1551 649 1609 non
664 1531 804 1596 libenter
819 1531 1016 1613 patiebatur.
1056 1530 1242 1612 Miraberis,

280 1639 454 1706 Rulmkeni
477 1639 617 1721 Optime,
643 1638 796 1719 quomodo
823 1638 857 1703 in
879 1639 940 1704 hac
962 1638 1051 1704 uitae
1075 1644 1243 1704 consuetu·

280 1748 370 1829 dine,
407 1767 501 1828 quam
534 1749 574 1812 ab
602 1746 692 1812 initio
721 1765 822 1827 usque
850 1748 891 1813 ad
922 1753 1101 1813 extremum
1127 1745 1244 1826 tenuit,

279 1856 365 1920 inter
389 1862 439 1921 tot
461 1857 589 1922 labores
613 1855 761 1936 docendi,
786 1857 916 1938 negotia
939 1856 1003 1921 alia
1026 1856 1168 1939 publica,
1197 1855 1244 1921 in·

280 1963 523 2044 terpellationes
554 1964 684 2028 crebras
712 1962 910 2044 adeuntium,
942 1982 1036 2029 curas
1060 1983 1167 2030 rerum
1190 1964 1244 2028 do·

281 2069 497 2150 mesticarum,
523 2076 592 2134 cum
616 2069 713 2135 etiam
741 2069 893 2151 epistolas
909 2089 1006 2153 saepe
1023 2077 1056 2136 et
1071 2071 1113 2136 ad
1128 2071 1244 2137 multos
1343 2149 1347 2156 Ι

280 2179 448 2258 scriberet,
483 2177 577 2242 immo
614 2176 655 2242 ad
689 2195 808 2258 omneS,
844 2196 864 2242 a
899 2177 1012 2257 quibus
1047 2197 1106 2260 per
1133 2179 1245 2245 literas

280 2285 488 2366 compellatus
512 2287 612 2364 esset,
638 2283 792 2364 quomodo
818 2289 927 2349 tantas
949 2284 1115 2351 doctrinae
1137 2286 1244 2368 copias

280 2410 469 2473 congerere,
506 2394 557 2455 tot
590 2388 682 2454 libris
717 2389 919 2456 conficiendis
948 2411 987 2457 ac
1017 2393 1244 2474 scriptionibus

279 2499 352 2565 aliis
376 2498 525 2564 sufficere
548 2497 700 2578 potuerit.
741 2497 806 2563 Sed
830 2497 891 2564 sibi
913 2499 1068 2566 vicariam
1091 2501 1245 2582 temporis

280 2605 434 2689 longioris
470 2603 656 2671 adsciverat
693 2604 859 2670 mirificam
897 2611 930 2670 et
970 2606 1244 2689 diligentissimam

280 2712 550 2795 dispensationem
583 2712 660 2793 diei,
693 2731 774 2793 quae
804 2713 922 2778 nullam
955 2714 1146 2795 particulam
1176 2715 1245 2782 sine

280 2820 405 2885 actione
430 2818 562 2884 effluere
586 2818 720 2897 sineret3
745 2824 779 2884 et
802 2839 822 2884 a
845 2824 962 2886 natura
986 2822 1127 2887 habebat
1149 2822 1244 2888 mira-

281 2927 378 2993 bilem
414 2926 616 2992 alacritatem
651 2925 905 3008 facilitatemque
935 2929 1068 3011 agendi,
1111 2929 1152 2995 de
1182 2948 1245 3010 qua

282 3034 379 3099 etiam
403 3051 501 3114 supra
525 3033 779 3114 commemoraui,
807 3033 974 3115 magisque
996 3034 1115 3117 ingenii
1138 3037 1246 3118 parati

282 3141 448 3222 felicitate,
478 3145 512 3205 et
536 3141 776 3208 consuetudinis
807 3141 961 3222 efficacia,
997 3161 1092 3222 quam
1126 3143 1246 3208 laboris

282 3247 486 3314 contentione
508 3249 650 3316 ualebat.
679 3250 730 3315 Ea
754 3267 849 3330 porro
874 3249 1026 3314 alacritas
1047 3268 1246 3330 peromnem

283 3355 365 3422 diem
400 3356 614 3436 aequabiliter
648 3356 789 3439 vigebat,
826 3361 860 3424 et
894 3357 936 3422 ad
968 3357 1069 3423 somni
1099 3356 1247 3442 capiendi

685 3605 844 3659 ..54..
