2852 4152
268 467 353 531 cait
377 468 409 530 in
435 469 545 534 omnia
569 471 755 536 docentium
774 461 917 553 ingenia.
964 477 1029 540 Sed
1057 461 1097 541 de
1124 499 1163 542 ea
1190 499 1225 542 re

266 575 329 639 hoc
364 575 434 640 loco
469 579 575 642 dicere
609 599 647 643 ac
681 581 869 663 praecipere
904 583 985 648 nihil
1019 586 1150 650 attinet:
1187 587 1227 650 de
1255 639 1256 642 ,

267 681 410 747 Gesnero
428 684 534 748 dicere
546 686 758 752 instituimus!
775 689 817 752 ad
829 688 917 754 hunc
929 690 1025 772 igitur
1035 692 1224 756 redibimus

333 790 409 855 Non
437 793 494 855 uni
521 795 724 875 praeceptori
747 815 841 860 carus
870 802 939 861 crat
963 798 1140 878 GesneruS,
1169 801 1229 864 sed

267 898 431 976 omnibus
455 900 511 980 qui
527 902 695 981 praeclara
710 903 839 981 ingenia
855 922 1050 985 cognoscere
1066 909 1097 969 ct
1114 925 1227 970 amare

267 1005 459 1072 didicerant:
489 1008 522 1071 in
552 1008 602 1072 his
630 1010 777 1091 inprimis
805 1011 852 1075 lc.
883 1011 967 1076 Frid.
997 1013 1129 1091 Weilio,
1158 1015 1256 1094 viros

266 1113 387 1178 multae
407 1119 439 1178 et
455 1116 611 1196 elegantis
632 1118 809 1198 doctrinae,
833 1120 1016 1200 quietudia
1031 1121 1219 1202 Principum

265 1220 525 1302 Anspacensium
541 1223 694 1288 Friderici
711 1229 742 1289 et
759 1224 918 1289 Guilielmi
934 1225 1086 1291 Friderici
1102 1248 1223 1309 magna

267 1345 341 1391 cum
364 1330 429 1392 fide
452 1334 483 1395 et
505 1333 576 1413 pari
592 1332 687 1397 laude
703 1337 841 1398 rexerat.
882 1333 911 1397 Is
929 1333 1024 1415 igitur
1040 1354 1107 1398 non
1123 1335 1224 1398 modo

260 1438 336 1499 tum
360 1437 541 1503 Gesnerum
565 1441 671 1504 multis
699 1441 864 1505 beneficiis
888 1442 1016 1520 adfecit,
1045 1443 1104 1506 sed
1131 1443 1228 1506 etiarn

266 1544 469 1611 Academicis
497 1548 611 1612 studiis
640 1551 820 1631 prospexit,
854 1550 945 1613 lauto
973 1551 1136 1631 stipendio
1163 1550 1225 1613 im-

266 1655 407 1732 petrat0‚
451 1674 518 1734 quo
560 1657 703 1719 tenuitas
746 1657 952 1720 fortunarum
990 1657 1224 1721 sublevaretur.

266 1760 424 1823 Dimissus
464 1781 504 1824 ex
538 1762 739 1843 Anspacensi
779 1763 948 1844 disciplina
982 1763 1098 1826 Jenam
1136 1764 1225 1842 abiit,
1256 1803 1257 1806 =

267 1867 456 1950 audivitque
468 1871 763 1952 praestantissimos
776 1870 1015 1952 Philosophiae,
1029 1871 1223 1949 MatheseoS,

267 1974 447 2054 Historiae,
476 1977 659 2057 linguarum
687 1997 725 2041 ac
749 1977 947 2057 Theologiae
971 1978 1136 2053 doctorem
1166 1978 1225 2041 sed
1255 2043 1256 2050 ,

268 2081 426 2164 imprimis
443 2086 600 2149 Danzinm
617 2089 649 2148 et
664 2085 835 2150 Buddeum
851 2090 993 2150 sectatus
1010 2089 1069 2149 est.
1104 2085 1156 2148 Ab
1172 2085 1226 2148 illo

267 2190 399 2272 quidem
425 2194 467 2257 ad
488 2193 616 2257 intimos
637 2194 804 2258 literarum
824 2194 1059 2258 Hebraicarum
1080 2211 1227 2256 recessus
1255 2183 1256 2188 ¹

267 2299 429 2364 adductus
460 2305 522 2380 est,
553 2322 613 2366 nec
640 2303 749 2365 minus
777 2302 944 2383 Syriacae,
974 2301 1167 2367 Chaldaicae
1190 2304 1223 2364 et

266 2407 425 2473 Arabicae
448 2409 578 2489 linguae
602 2410 754 2474 idoneam
782 2413 814 2474 et
842 2409 885 2472 ad
908 2409 1086 2473 Hebraicas
1113 2407 1223 2472 literas

266 2515 379 2578 utilem
403 2515 582 2580 scientiam.
616 2516 789 2580 Buddcum
813 2520 922 2579 autem
945 2517 1074 2580 assidue
1090 2515 1222 2592 audivit,

266 2619 489 2702 Theologiam,
508 2623 759 2700 ControversiaS,
784 2622 962 2690 Historiam
979 2623 1140 2686 Ecclesiae
1156 2627 1222 2686 tra·

266 2727 413 2805 dentem,
442 2729 586 2809 itemque
614 2728 713 2792 Grotii
739 2729 885 2791 divinum
913 2729 952 2793 de
982 2729 1054 2810 jure
1082 2730 1157 2794 belli
1187 2749 1226 2794 ac

266 2835 356 2916 pacis
382 2855 465 2917 opus
499 2835 775 2917 interpretantem.
827 2838 866 2901 Et
900 2837 987 2900 hunc
1021 2838 1154 2918 quidem
1181 2838 1225 2900 ita
1255 2896 1257 2899 ,

266 2943 350 3024 cepit
373 2943 493 3025 ingenii
516 2944 697 3008 admirabili
720 2945 931 3026 praestantia,
952 2945 1119 3008 doctrinae
1135 2950 1225 3010 recto

265 3051 391 3130 studi0,
420 3071 460 3116 ac
486 3072 565 3116 mox
588 3053 737 3117 doctrina
765 3053 834 3134 ipsa
863 3056 895 3116 et
918 3053 1051 3130 virtute,
1083 3056 1120 3116 ut
1148 3072 1224 3117 eum

264 3159 357 3223 vellet
381 3179 452 3222 csse
476 3158 509 3222 in
533 3159 748 3223 contubernio
772 3159 828 3221 tilii
850 3158 956 3222 Caroli
972 3159 1143 3237 Francisci,
1168 3159 1224 3240 qni

264 3265 297 3328 in
325 3266 401 3331 aula
431 3266 528 3330 Ducis
557 3266 712 3344 Gothani,
743 3265 940 3344 Consiliarii,
969 3265 1012 3328 ad
1040 3269 1223 3329 extremum

264 3373 513 3439 Procancellarii
543 3394 678 3438 munere
708 3394 828 3456 magna
857 3392 931 3437 cum
966 3373 1063 3436 laude
1091 3373 1223 3436 functus

232 3579 239 3666 l
665 3622 823 3670 -ιο-
1255 3555 1261 3658 Ι
