<?xml version="1.0" encoding="UTF-8"?>
<!DOCTYPE html PUBLIC "-//W3C//DTD XHTML 1.0 Transitional//EN"
    "http://www.w3.org/TR/xhtml1/DTD/xhtml1-transitional.dtd">
<html xmlns="http://www.w3.org/1999/xhtml" xml:lang="en" lang="en">
 <head>
  <title>
</title>
<meta http-equiv="Content-Type" content="text/html;charset=utf-8" />
  <meta name='ocr-system' content='tesseract 3.04.00' />
  <meta name='ocr-capabilities' content='ocr_page ocr_carea ocr_par ocr_line ocrx_word'/>
</head>
<body>
  <div class='ocr_page' id='page_1' title='image "./narratiodejomat00ernegoog_0030.png"; bbox 0 0 2852 4152; ppageno 0'>
   <div class='ocr_carea' id='block_1_1' title="bbox 181 525 1147 3505">
    <p class='ocr_par' dir='ltr' id='par_1_1' title="bbox 181 525 1147 3505">
     <span class='ocr_line' id='line_1_1' title="bbox 184 525 1141 607; baseline -0.007 -10"><span class='ocrx_word' id='word_1_1' title='bbox 184 533 274 597; x_wconf 88' lang='lat' dir='ltr'>laute</span> <span class='ocrx_word' id='word_1_2' title='bbox 296 527 437 596; x_wconf 88' lang='lat' dir='ltr'>habitus.</span> <span class='ocrx_word' id='word_1_3' title='bbox 484 525 564 592; x_wconf 92' lang='lat' dir='ltr'>Dies</span> <span class='ocrx_word' id='word_1_4' title='bbox 587 544 682 605; x_wconf 93' lang='lat' dir='ltr'>unus,</span> <span class='ocrx_word' id='word_1_5' title='bbox 714 526 806 607; x_wconf 87' lang='lat' dir='ltr'>alter,</span> <span class='ocrx_word' id='word_1_6' title='bbox 830 525 961 592; x_wconf 91' lang='lat' dir='ltr'>tertius:</span> <span class='ocrx_word' id='word_1_7' title='bbox 992 525 1072 590; x_wconf 84' lang='lat' dir='ltr'>nihil</span> <span class='ocrx_word' id='word_1_8' title='bbox 1095 526 1141 591; x_wconf 88' lang='lat' dir='ltr'>fit.</span> 
     </span>
     <span class='ocr_line' id='line_1_2' title="bbox 184 631 1143 705; baseline -0.005 0"><span class='ocrx_word' id='word_1_9' title='bbox 184 639 266 705; x_wconf 81' lang='lat' dir='ltr'>Cum</span> <span class='ocrx_word' id='word_1_10' title='bbox 300 637 369 702; x_wconf 91' lang='lat' dir='ltr'>dies</span> <span class='ocrx_word' id='word_1_11' title='bbox 403 638 486 700; x_wconf 90' lang='lat' dir='ltr'>bene</span> <span class='ocrx_word' id='word_1_12' title='bbox 519 632 612 698; x_wconf 91' lang='lat' dir='ltr'>multi</span> <span class='ocrx_word' id='word_1_13' title='bbox 634 631 780 698; x_wconf 89' lang='lat' dir='ltr'>abissent</span> <span class='ocrx_word' id='word_1_14' title='bbox 808 647 873 698; x_wconf 93' lang='grc'><strong>11011</strong></span> <span class='ocrx_word' id='word_1_15' title='bbox 903 634 1050 699; x_wconf 85' lang='lat' dir='ltr'>exsoluta</span> <span class='ocrx_word' id='word_1_16' title='bbox 1080 633 1143 700; x_wconf 86' lang='lat' dir='ltr'>fide</span> 
     </span>
     <span class='ocr_line' id='line_1_3' title="bbox 183 739 1142 827; baseline -0.004 -17"><span class='ocrx_word' id='word_1_17' title='bbox 183 748 419 827; x_wconf 74' lang='lat' dir='ltr'>urgereturque</span> <span class='ocrx_word' id='word_1_18' title='bbox 453 739 668 820; x_wconf 91' lang='lat' dir='ltr'>aPrincipe,</span> <span class='ocrx_word' id='word_1_19' title='bbox 703 741 855 806; x_wconf 89' lang='lat' dir='ltr'>redactus</span> <span class='ocrx_word' id='word_1_20' title='bbox 891 743 933 807; x_wconf 93' lang='lat' dir='ltr'>ad</span> <span class='ocrx_word' id='word_1_21' title='bbox 962 741 1142 824; x_wconf 72' lang='lat' dir='ltr'>angustias</span> 
     </span>
     <span class='ocr_line' id='line_1_4' title="bbox 183 847 1143 934; baseline -0.004 -16"><span class='ocrx_word' id='word_1_22' title='bbox 183 852 278 934; x_wconf 89' lang='lat' dir='ltr'>nihil,</span> <span class='ocrx_word' id='word_1_23' title='bbox 315 851 375 932; x_wconf 87' lang='lat' dir='ltr'>ait,</span> <span class='ocrx_word' id='word_1_24' title='bbox 412 849 475 916; x_wconf 91' lang='lat' dir='ltr'>sibi</span> <span class='ocrx_word' id='word_1_25' title='bbox 509 849 552 914; x_wconf 91' lang='lat' dir='ltr'>ad</span> <span class='ocrx_word' id='word_1_26' title='bbox 585 847 815 916; x_wconf 82' lang='lat' dir='ltr'>inveniendum</span> <span class='ocrx_word' id='word_1_27' title='bbox 849 850 979 915; x_wconf 89' lang='lat' dir='ltr'>obstare</span> <span class='ocrx_word' id='word_1_28' title='bbox 1013 854 1143 930; x_wconf 90' lang='lat' dir='ltr'>praeter</span> 
     </span>
     <span class='ocr_line' id='line_1_5' title="bbox 182 955 1141 1038; baseline -0.005 -13"><span class='ocrx_word' id='word_1_29' title='bbox 182 979 280 1025; x_wconf 92' lang='lat' dir='ltr'>unam</span> <span class='ocrx_word' id='word_1_30' title='bbox 302 958 480 1038; x_wconf 78' lang='lat' dir='ltr'>formulam,</span> <span class='ocrx_word' id='word_1_31' title='bbox 501 955 590 1022; x_wconf 90' lang='lat' dir='ltr'>cuius</span> <span class='ocrx_word' id='word_1_32' title='bbox 611 955 678 1022; x_wconf 84' lang='lat' dir='ltr'>vim</span> <span class='ocrx_word' id='word_1_33' title='bbox 693 955 823 1035; x_wconf 82' lang='lat' dir='ltr'>assequi</span> <span class='ocrx_word' id='word_1_34' title='bbox 839 955 920 1022; x_wconf 86' lang='lat' dir='ltr'>satis</span> <span class='ocrx_word' id='word_1_35' title='bbox 936 975 1000 1022; x_wconf 90' lang='lat' dir='ltr'>non</span> <span class='ocrx_word' id='word_1_36' title='bbox 1015 959 1141 1038; x_wconf 89' lang='lat' dir='ltr'>posset:</span> 
     </span>
     <span class='ocr_line' id='line_1_6' title="bbox 181 1063 1144 1144; baseline -0.005 -12"><span class='ocrx_word' id='word_1_37' title='bbox 181 1067 217 1134; x_wconf 89' lang='lat' dir='ltr'>in</span> <span class='ocrx_word' id='word_1_38' title='bbox 246 1069 307 1132; x_wconf 90' lang='lat' dir='ltr'>hoc</span> <span class='ocrx_word' id='word_1_39' title='bbox 336 1063 426 1130; x_wconf 90' lang='lat' dir='ltr'>incili</span> <span class='ocrx_word' id='word_1_40' title='bbox 456 1083 492 1130; x_wconf 91' lang='lat' dir='ltr'>se</span> <span class='ocrx_word' id='word_1_41' title='bbox 518 1065 669 1128; x_wconf 89' lang='lat' dir='ltr'>haerere:</span> <span class='ocrx_word' id='word_1_42' title='bbox 706 1063 735 1129; x_wconf 91' lang='lat' dir='ltr'>si</span> <span class='ocrx_word' id='word_1_43' title='bbox 769 1063 840 1143; x_wconf 92' lang='lat' dir='ltr'>quis</span> <span class='ocrx_word' id='word_1_44' title='bbox 868 1063 944 1129; x_wconf 93' lang='lat' dir='ltr'>inde</span> <span class='ocrx_word' id='word_1_45' title='bbox 974 1083 1009 1129; x_wconf 93' lang='lat' dir='ltr'>se</span> <span class='ocrx_word' id='word_1_46' title='bbox 1035 1067 1144 1144; x_wconf 89' lang='lat' dir='ltr'>posset</span> 
     </span>
     <span class='ocr_line' id='line_1_7' title="bbox 187 1170 1143 1256; baseline -0.005 -16"><span class='ocrx_word' id='word_1_47' title='bbox 187 1173 354 1256; x_wconf 86' lang='lat' dir='ltr'>expedire,</span> <span class='ocrx_word' id='word_1_48' title='bbox 397 1172 440 1237; x_wconf 89' lang='lat' dir='ltr'>ad</span> <span class='ocrx_word' id='word_1_49' title='bbox 478 1170 625 1236; x_wconf 87' lang='lat' dir='ltr'>effectum</span> <span class='ocrx_word' id='word_1_50' title='bbox 667 1170 716 1236; x_wconf 93' lang='lat' dir='ltr'>rei</span> <span class='ocrx_word' id='word_1_51' title='bbox 754 1176 925 1252; x_wconf 77' lang='lat' dir='ltr'>suspectae</span> <span class='ocrx_word' id='word_1_52' title='bbox 962 1175 1143 1240; x_wconf 86' lang='lat' dir='ltr'>venturum.</span> 
     </span>
     <span class='ocr_line' id='line_1_8' title="bbox 185 1276 1143 1359; baseline -0.005 -13"><span class='ocrx_word' id='word_1_53' title='bbox 185 1281 362 1346; x_wconf 85' lang='lat' dir='ltr'>Eundum</span> <span class='ocrx_word' id='word_1_54' title='bbox 397 1283 455 1344; x_wconf 91' lang='lat' dir='ltr'>est</span> <span class='ocrx_word' id='word_1_55' title='bbox 490 1277 535 1343; x_wconf 89' lang='lat' dir='ltr'>ad</span> <span class='ocrx_word' id='word_1_56' title='bbox 570 1276 796 1358; x_wconf 81' lang='lat' dir='ltr'>Gesnerum,</span> <span class='ocrx_word' id='word_1_57' title='bbox 832 1277 937 1358; x_wconf 91' lang='lat' dir='ltr'>inquit</span> <span class='ocrx_word' id='word_1_58' title='bbox 970 1277 1143 1359; x_wconf 83' lang='lat' dir='ltr'>Princeps:</span> 
     </span>
     <span class='ocr_line' id='line_1_9' title="bbox 186 1383 1145 1466; baseline -0.004 -13"><span class='ocrx_word' id='word_1_59' title='bbox 186 1387 311 1453; x_wconf 90' lang='lat' dir='ltr'>omnia</span> <span class='ocrx_word' id='word_1_60' title='bbox 338 1385 407 1452; x_wconf 91' lang='lat' dir='ltr'>ille</span> <span class='ocrx_word' id='word_1_61' title='bbox 435 1384 519 1461; x_wconf 87' lang='grc'><strong>0011.</strong></span> <span class='ocrx_word' id='word_1_62' title='bbox 565 1385 640 1450; x_wconf 90' lang='lat' dir='ltr'>Itur</span> <span class='ocrx_word' id='word_1_63' title='bbox 668 1403 747 1466; x_wconf 82' lang='lat' dir='ltr'>ergo</span> <span class='ocrx_word' id='word_1_64' title='bbox 776 1384 819 1450; x_wconf 94' lang='lat' dir='ltr'>ad</span> <span class='ocrx_word' id='word_1_65' title='bbox 846 1403 927 1451; x_wconf 89' lang='lat' dir='ltr'>eum.</span> <span class='ocrx_word' id='word_1_66' title='bbox 979 1383 1145 1450; x_wconf 81' lang='lat' dir='ltr'>Gesnerus</span> 
     </span>
     <span class='ocr_line' id='line_1_10' title="bbox 184 1490 1143 1576; baseline -0.005 -16"><span class='ocrx_word' id='word_1_67' title='bbox 184 1499 300 1576; x_wconf 80' lang='lat' dir='ltr'>negat,</span> <span class='ocrx_word' id='word_1_68' title='bbox 329 1512 365 1560; x_wconf 91' lang='lat' dir='ltr'>se</span> <span class='ocrx_word' id='word_1_69' title='bbox 393 1497 481 1558; x_wconf 84' lang='lat' dir='ltr'>artes</span> <span class='ocrx_word' id='word_1_70' title='bbox 508 1492 651 1574; x_wconf 82' lang='lat' dir='ltr'>magicas</span> <span class='ocrx_word' id='word_1_71' title='bbox 680 1490 833 1557; x_wconf 87' lang='lat' dir='ltr'>didicisse</span> <span class='ocrx_word' id='word_1_72' title='bbox 864 1495 922 1556; x_wconf 89' lang='lat' dir='ltr'>aut</span> <span class='ocrx_word' id='word_1_73' title='bbox 948 1491 1143 1558; x_wconf 79' lang='lat' dir='ltr'>exercuisse:</span> 
     </span>
     <span class='ocr_line' id='line_1_11' title="bbox 187 1597 1145 1668; baseline -0.003 -1"><span class='ocrx_word' id='word_1_74' title='bbox 187 1601 350 1668; x_wconf 89' lang='lat' dir='ltr'>enimvero</span> <span class='ocrx_word' id='word_1_75' title='bbox 374 1598 648 1664; x_wconf 88' lang='lat' dir='ltr'>consideraturum</span> <span class='ocrx_word' id='word_1_76' title='bbox 671 1597 849 1664; x_wconf 86' lang='lat' dir='ltr'>formulam.</span> <span class='ocrx_word' id='word_1_77' title='bbox 884 1599 987 1668; x_wconf 83' lang='lat' dir='ltr'>Venit</span> <span class='ocrx_word' id='word_1_78' title='bbox 1008 1598 1043 1664; x_wconf 92' lang='lat' dir='ltr'>in</span> <span class='ocrx_word' id='word_1_79' title='bbox 1058 1618 1145 1664; x_wconf 89' lang='lat' dir='ltr'>men·</span> 
     </span>
     <span class='ocr_line' id='line_1_12' title="bbox 186 1693 1146 1788; baseline -0.001 -15"><span class='ocrx_word' id='word_1_80' title='bbox 186 1714 262 1788; x_wconf 87' lang='lat' dir='ltr'>tem,</span> <span class='ocrx_word' id='word_1_81' title='bbox 281 1727 316 1773; x_wconf 89' lang='lat' dir='ltr'>se</span> <span class='ocrx_word' id='word_1_82' title='bbox 331 1693 512 1772; x_wconf 87' lang='lat' dir='ltr'>huiusmodi</span> <span class='ocrx_word' id='word_1_83' title='bbox 529 1705 605 1786; x_wconf 92' lang='lat' dir='ltr'>quid</span> <span class='ocrx_word' id='word_1_84' title='bbox 628 1706 662 1770; x_wconf 91' lang='lat' dir='ltr'>in</span> <span class='ocrx_word' id='word_1_85' title='bbox 681 1705 765 1770; x_wconf 90' lang='lat' dir='ltr'>libro</span> <span class='ocrx_word' id='word_1_86' title='bbox 783 1705 888 1786; x_wconf 84' lang='lat' dir='ltr'>aliquo</span> <span class='ocrx_word' id='word_1_87' title='bbox 904 1705 1036 1788; x_wconf 83' lang='lat' dir='ltr'>vidisse,</span> <span class='ocrx_word' id='word_1_88' title='bbox 1061 1706 1146 1772; x_wconf 83' lang='lat' dir='ltr'>forte</span> 
     </span>
     <span class='ocr_line' id='line_1_13' title="bbox 188 1812 1147 1896; baseline -0.002 -16"><span class='ocrx_word' id='word_1_89' title='bbox 188 1814 412 1880; x_wconf 77' lang='lat' dir='ltr'>Trithemiaua</span> <span class='ocrx_word' id='word_1_90' title='bbox 443 1812 734 1896; x_wconf 82' lang='lat' dir='ltr'>Steganographia&#39;.</span> <span class='ocrx_word' id='word_1_91' title='bbox 785 1813 883 1878; x_wconf 89' lang='lat' dir='ltr'>Hanc</span> <span class='ocrx_word' id='word_1_92' title='bbox 910 1832 988 1895; x_wconf 84' lang='lat' dir='ltr'>ergo</span> <span class='ocrx_word' id='word_1_93' title='bbox 1012 1812 1147 1895; x_wconf 93' lang='lat' dir='ltr'>primam</span> 
     </span>
     <span class='ocr_line' id='line_1_14' title="bbox 188 1919 1145 2002; baseline 0 -16"><span class='ocrx_word' id='word_1_94' title='bbox 188 1922 270 1987; x_wconf 88' lang='lat' dir='ltr'>adit:</span> <span class='ocrx_word' id='word_1_95' title='bbox 299 1921 421 2002; x_wconf 86' lang='lat' dir='ltr'>reperit</span> <span class='ocrx_word' id='word_1_96' title='bbox 449 1940 522 1986; x_wconf 87' lang='lat' dir='ltr'>ecce</span> <span class='ocrx_word' id='word_1_97' title='bbox 549 1925 651 1985; x_wconf 89' lang='lat' dir='ltr'>totam</span> <span class='ocrx_word' id='word_1_98' title='bbox 679 1920 856 1985; x_wconf 84' lang='lat' dir='ltr'>formulam.</span> <span class='ocrx_word' id='word_1_99' title='bbox 903 1921 954 1986; x_wconf 87' lang='lat' dir='ltr'>Re</span> <span class='ocrx_word' id='word_1_100' title='bbox 982 1921 1024 1985; x_wconf 90' lang='lat' dir='ltr'>ad</span> <span class='ocrx_word' id='word_1_101' title='bbox 1051 1919 1145 1986; x_wconf 91' lang='lat' dir='ltr'>Prin-</span> 
     </span>
     <span class='ocr_line' id='line_1_15' title="bbox 191 2027 1146 2110; baseline -0.001 -16"><span class='ocrx_word' id='word_1_102' title='bbox 191 2027 292 2110; x_wconf 90' lang='lat' dir='ltr'>cipem</span> <span class='ocrx_word' id='word_1_103' title='bbox 309 2029 426 2108; x_wconf 87' lang='lat' dir='ltr'>delata,</span> <span class='ocrx_word' id='word_1_104' title='bbox 452 2032 485 2092; x_wconf 90' lang='lat' dir='ltr'>et</span> <span class='ocrx_word' id='word_1_105' title='bbox 499 2027 613 2092; x_wconf 84' lang='lat' dir='ltr'>fraude</span> <span class='ocrx_word' id='word_1_106' title='bbox 626 2027 766 2108; x_wconf 80' lang='lat' dir='ltr'>cognita,</span> <span class='ocrx_word' id='word_1_107' title='bbox 783 2028 947 2108; x_wconf 89' lang='lat' dir='ltr'>multatus,</span> <span class='ocrx_word' id='word_1_108' title='bbox 964 2027 1012 2092; x_wconf 91' lang='lat' dir='ltr'>uti</span> <span class='ocrx_word' id='word_1_109' title='bbox 1029 2027 1146 2110; x_wconf 84' lang='lat' dir='ltr'>dignus</span> 
     </span>
     <span class='ocr_line' id='line_1_16' title="bbox 188 2133 1146 2217; baseline 0 -17"><span class='ocrx_word' id='word_1_110' title='bbox 188 2140 273 2217; x_wconf 89' lang='lat' dir='ltr'>erat,</span> <span class='ocrx_word' id='word_1_111' title='bbox 312 2135 468 2215; x_wconf 82' lang='lat' dir='ltr'>impostor</span> <span class='ocrx_word' id='word_1_112' title='bbox 503 2133 586 2212; x_wconf 90' lang='lat' dir='ltr'>abit;</span> <span class='ocrx_word' id='word_1_113' title='bbox 623 2139 765 2198; x_wconf 90' lang='lat' dir='ltr'>ceterum</span> <span class='ocrx_word' id='word_1_114' title='bbox 800 2133 964 2200; x_wconf 84' lang='lat' dir='ltr'>Gesnerus</span> <span class='ocrx_word' id='word_1_115' title='bbox 998 2135 1146 2200; x_wconf 89' lang='lat' dir='ltr'>laudibus</span> 
     </span>
     <span class='ocr_line' id='line_1_17' title="bbox 188 2239 1147 2322; baseline 0.001 -16"><span class='ocrx_word' id='word_1_116' title='bbox 188 2242 281 2308; x_wconf 81' lang='lat' dir='ltr'>ferri:</span> <span class='ocrx_word' id='word_1_117' title='bbox 306 2243 390 2307; x_wconf 89' lang='lat' dir='ltr'>hunc</span> <span class='ocrx_word' id='word_1_118' title='bbox 413 2259 491 2306; x_wconf 87' lang='lat' dir='ltr'>vero</span> <span class='ocrx_word' id='word_1_119' title='bbox 508 2259 580 2305; x_wconf 90' lang='grc'><strong>0000</strong></span> <span class='ocrx_word' id='word_1_120' title='bbox 595 2239 712 2306; x_wconf 90' lang='lat' dir='ltr'>virum:</span> <span class='ocrx_word' id='word_1_121' title='bbox 743 2260 813 2306; x_wconf 90' lang='lat' dir='ltr'>eum</span> <span class='ocrx_word' id='word_1_122' title='bbox 829 2241 933 2307; x_wconf 93' lang='lat' dir='ltr'>minus</span> <span class='ocrx_word' id='word_1_123' title='bbox 950 2241 1047 2322; x_wconf 82' lang='lat' dir='ltr'>digne</span> <span class='ocrx_word' id='word_1_124' title='bbox 1062 2261 1147 2308; x_wconf 89' lang='lat' dir='ltr'>nunc</span> 
     </span>
     <span class='ocr_line' id='line_1_18' title="bbox 187 2348 1146 2430; baseline -0.001 -16"><span class='ocrx_word' id='word_1_125' title='bbox 187 2349 313 2428; x_wconf 89' lang='lat' dir='ltr'>haberi;</span> <span class='ocrx_word' id='word_1_126' title='bbox 337 2348 392 2414; x_wconf 94' lang='lat' dir='ltr'>ubi</span> <span class='ocrx_word' id='word_1_127' title='bbox 416 2349 457 2413; x_wconf 87' lang='lat' dir='ltr'>ad</span> <span class='ocrx_word' id='word_1_128' title='bbox 482 2366 518 2412; x_wconf 93' lang='lat' dir='ltr'>se</span> <span class='ocrx_word' id='word_1_129' title='bbox 541 2366 663 2412; x_wconf 88' lang='lat' dir='ltr'>summa</span> <span class='ocrx_word' id='word_1_130' title='bbox 685 2366 792 2413; x_wconf 90' lang='lat' dir='ltr'>rerum</span> <span class='ocrx_word' id='word_1_131' title='bbox 814 2348 951 2429; x_wconf 84' lang='lat' dir='ltr'>venerit,</span> <span class='ocrx_word' id='word_1_132' title='bbox 978 2350 1146 2430; x_wconf 58' lang='grc'><strong>10111001-</strong></span> 
     </span>
     <span class='ocr_line' id='line_1_19' title="bbox 188 2454 1146 2535; baseline 0 -14"><span class='ocrx_word' id='word_1_133' title='bbox 188 2456 346 2521; x_wconf 88' lang='lat' dir='ltr'>natiorem</span> <span class='ocrx_word' id='word_1_134' title='bbox 368 2455 447 2520; x_wconf 92' lang='lat' dir='ltr'>fore.</span> <span class='ocrx_word' id='word_1_135' title='bbox 493 2456 612 2534; x_wconf 85' lang='lat' dir='ltr'>Itaque</span> <span class='ocrx_word' id='word_1_136' title='bbox 635 2454 665 2520; x_wconf 93' lang='lat' dir='ltr'>ei</span> <span class='ocrx_word' id='word_1_137' title='bbox 688 2459 768 2535; x_wconf 87' lang='lat' dir='ltr'>tum,</span> <span class='ocrx_word' id='word_1_138' title='bbox 797 2459 834 2519; x_wconf 90' lang='lat' dir='ltr'>ut</span> <span class='ocrx_word' id='word_1_139' title='bbox 858 2454 938 2535; x_wconf 84' lang='lat' dir='ltr'>dixi,</span> <span class='ocrx_word' id='word_1_140' title='bbox 967 2475 1031 2520; x_wconf 93' lang='lat' dir='ltr'>non</span> <span class='ocrx_word' id='word_1_141' title='bbox 1053 2457 1146 2521; x_wconf 89' lang='lat' dir='ltr'>modo</span> 
     </span>
     <span class='ocr_line' id='line_1_20' title="bbox 190 2561 1146 2643; baseline 0.002 -17"><span class='ocrx_word' id='word_1_142' title='bbox 190 2562 401 2643; x_wconf 81' lang='lat' dir='ltr'>incolumitas,</span> <span class='ocrx_word' id='word_1_143' title='bbox 427 2562 485 2628; x_wconf 91' lang='lat' dir='ltr'>sed</span> <span class='ocrx_word' id='word_1_144' title='bbox 509 2561 606 2626; x_wconf 87' lang='lat' dir='ltr'>etiam</span> <span class='ocrx_word' id='word_1_145' title='bbox 629 2561 705 2629; x_wconf 88' lang='lat' dir='ltr'>novi</span> <span class='ocrx_word' id='word_1_146' title='bbox 727 2563 863 2628; x_wconf 89' lang='lat' dir='ltr'>honores</span> <span class='ocrx_word' id='word_1_147' title='bbox 884 2562 1031 2643; x_wconf 90' lang='lat' dir='ltr'>opinione</span> <span class='ocrx_word' id='word_1_148' title='bbox 1046 2563 1146 2628; x_wconf 89' lang='lat' dir='ltr'>homi·</span> 
     </span>
     <span class='ocr_line' id='line_1_21' title="bbox 190 2668 1145 2737; baseline 0.001 -3"><span class='ocrx_word' id='word_1_149' title='bbox 190 2689 263 2734; x_wconf 93' lang='lat' dir='ltr'>num</span> <span class='ocrx_word' id='word_1_150' title='bbox 288 2675 321 2734; x_wconf 90' lang='grc'>01</span> <span class='ocrx_word' id='word_1_151' title='bbox 344 2669 431 2734; x_wconf 84' lang='lat' dir='ltr'>fama</span> <span class='ocrx_word' id='word_1_152' title='bbox 447 2668 682 2734; x_wconf 77' lang='lat' dir='ltr'>destinabatur.</span> <span class='ocrx_word' id='word_1_153' title='bbox 717 2669 782 2735; x_wconf 80' lang='lat' dir='ltr'>Sed</span> <span class='ocrx_word' id='word_1_154' title='bbox 798 2669 903 2734; x_wconf 89' lang='lat' dir='ltr'>omnia</span> <span class='ocrx_word' id='word_1_155' title='bbox 918 2669 983 2734; x_wconf 85' lang='lat' dir='ltr'>alia</span> <span class='ocrx_word' id='word_1_156' title='bbox 999 2689 1145 2737; x_wconf 85' lang='lat' dir='ltr'>evenere.</span> 
     </span>
     <span class='ocr_line' id='line_1_22' title="bbox 190 2775 1146 2858; baseline 0.001 -17"><span class='ocrx_word' id='word_1_157' title='bbox 190 2776 332 2842; x_wconf 84' lang='lat' dir='ltr'>Ademta</span> <span class='ocrx_word' id='word_1_158' title='bbox 361 2782 412 2842; x_wconf 91' lang='lat' dir='ltr'>est</span> <span class='ocrx_word' id='word_1_159' title='bbox 438 2775 657 2841; x_wconf 84' lang='lat' dir='ltr'>bibliothecae</span> <span class='ocrx_word' id='word_1_160' title='bbox 684 2795 773 2856; x_wconf 88' lang='lat' dir='ltr'>cura,</span> <span class='ocrx_word' id='word_1_161' title='bbox 802 2776 947 2856; x_wconf 85' lang='lat' dir='ltr'>quamvis</span> <span class='ocrx_word' id='word_1_162' title='bbox 975 2778 1146 2858; x_wconf 88' lang='lat' dir='ltr'>deprecan-</span> 
     </span>
     <span class='ocr_line' id='line_1_23' title="bbox 189 2882 1145 2970; baseline 0.003 -23"><span class='ocrx_word' id='word_1_163' title='bbox 189 2883 277 2949; x_wconf 87' lang='lat' dir='ltr'>tibus</span> <span class='ocrx_word' id='word_1_164' title='bbox 301 2883 456 2964; x_wconf 84' lang='grc'><strong>0111111100,</strong></span> <span class='ocrx_word' id='word_1_165' title='bbox 482 2883 536 2962; x_wconf 89' lang='lat' dir='ltr'>qni</span> <span class='ocrx_word' id='word_1_166' title='bbox 559 2882 680 2962; x_wconf 86' lang='lat' dir='ltr'>aliquid</span> <span class='ocrx_word' id='word_1_167' title='bbox 703 2883 788 2964; x_wconf 91' lang='lat' dir='ltr'>apud</span> <span class='ocrx_word' id='word_1_168' title='bbox 803 2883 988 2965; x_wconf 89' lang='lat' dir='ltr'>Principem</span> <span class='ocrx_word' id='word_1_169' title='bbox 1003 2890 1145 2970; x_wconf 86' lang='lat' dir='ltr'>possent,</span> 
     </span>
     <span class='ocr_line' id='line_1_24' title="bbox 192 2989 1145 3062; baseline 0.005 -6"><span class='ocrx_word' id='word_1_170' title='bbox 192 2997 226 3056; x_wconf 88' lang='lat' dir='ltr'>et</span> <span class='ocrx_word' id='word_1_171' title='bbox 245 2991 337 3056; x_wconf 88' lang='lat' dir='ltr'>hunc</span> <span class='ocrx_word' id='word_1_172' title='bbox 366 3009 462 3054; x_wconf 91' lang='lat' dir='ltr'>unum</span> <span class='ocrx_word' id='word_1_173' title='bbox 488 2989 636 3054; x_wconf 90' lang='lat' dir='ltr'>idoneum</span> <span class='ocrx_word' id='word_1_174' title='bbox 656 2990 694 3054; x_wconf 93' lang='lat' dir='ltr'>ei</span> <span class='ocrx_word' id='word_1_175' title='bbox 722 2989 880 3056; x_wconf 90' lang='lat' dir='ltr'>curationi</span> <span class='ocrx_word' id='word_1_176' title='bbox 908 3001 1145 3062; x_wconf 83' lang='lat' dir='ltr'>asseverarent.</span> 
     </span>
     <span class='ocr_line' id='line_1_25' title="bbox 189 3094 1147 3180; baseline 0.007 -18"><span class='ocrx_word' id='word_1_177' title='bbox 189 3097 345 3179; x_wconf 83' lang='lat' dir='ltr'>Rogabat</span> <span class='ocrx_word' id='word_1_178' title='bbox 371 3103 408 3162; x_wconf 90' lang='lat' dir='ltr'>ut</span> <span class='ocrx_word' id='word_1_179' title='bbox 435 3094 497 3162; x_wconf 91' lang='lat' dir='ltr'>sibi</span> <span class='ocrx_word' id='word_1_180' title='bbox 524 3097 617 3162; x_wconf 92' lang='lat' dir='ltr'>modo</span> <span class='ocrx_word' id='word_1_181' title='bbox 652 3097 820 3164; x_wconf 84' lang='lat' dir='ltr'>absolvere</span> <span class='ocrx_word' id='word_1_182' title='bbox 854 3117 932 3180; x_wconf 91' lang='lat' dir='ltr'>opus</span> <span class='ocrx_word' id='word_1_183' title='bbox 962 3100 1147 3170; x_wconf 90' lang='lat' dir='ltr'>institutum</span> 
     </span>
     <span class='ocr_line' id='line_1_26' title="bbox 189 3204 1146 3286; baseline 0.009 -18"><span class='ocrx_word' id='word_1_184' title='bbox 189 3204 313 3270; x_wconf 89' lang='lat' dir='ltr'>liceret.</span> <span class='ocrx_word' id='word_1_185' title='bbox 358 3205 401 3272; x_wconf 93' lang='lat' dir='ltr'>Id</span> <span class='ocrx_word' id='word_1_186' title='bbox 428 3223 553 3284; x_wconf 88' lang='lat' dir='ltr'>quoque</span> <span class='ocrx_word' id='word_1_187' title='bbox 579 3209 732 3286; x_wconf 85' lang='lat' dir='ltr'>negatum</span> <span class='ocrx_word' id='word_1_188' title='bbox 760 3211 820 3270; x_wconf 92' lang='grc'><strong>001.</strong></span> <span class='ocrx_word' id='word_1_189' title='bbox 866 3207 949 3272; x_wconf 78' lang='lat' dir='ltr'>Tum</span> <span class='ocrx_word' id='word_1_190' title='bbox 976 3228 1052 3276; x_wconf 90' lang='lat' dir='ltr'>vero</span> <span class='ocrx_word' id='word_1_191' title='bbox 1082 3211 1146 3277; x_wconf 91' lang='lat' dir='ltr'>dis·</span> 
     </span>
     <span class='ocr_line' id='line_1_27' title="bbox 188 3310 1147 3398; baseline 0.008 -22"><span class='ocrx_word' id='word_1_192' title='bbox 188 3310 310 3392; x_wconf 83' lang='lat' dir='ltr'>plicare</span> <span class='ocrx_word' id='word_1_193' title='bbox 332 3311 484 3393; x_wconf 89' lang='lat' dir='ltr'>Vinaria,</span> <span class='ocrx_word' id='word_1_194' title='bbox 515 3331 575 3377; x_wconf 91' lang='lat' dir='ltr'>nec</span> <span class='ocrx_word' id='word_1_195' title='bbox 601 3311 694 3377; x_wconf 89' lang='lat' dir='ltr'>modo</span> <span class='ocrx_word' id='word_1_196' title='bbox 721 3312 804 3377; x_wconf 89' lang='lat' dir='ltr'>hanc</span> <span class='ocrx_word' id='word_1_197' title='bbox 827 3315 866 3378; x_wconf 96' lang='lat' dir='ltr'>0b</span> <span class='ocrx_word' id='word_1_198' title='bbox 890 3333 1033 3398; x_wconf 89' lang='lat' dir='ltr'>causam,</span> <span class='ocrx_word' id='word_1_199' title='bbox 1062 3319 1147 3398; x_wconf 92' lang='lat' dir='ltr'>quod</span> 
     </span>
     <span class='ocr_line' id='line_1_28' title="bbox 187 3418 1147 3505; baseline 0.008 -23"><span class='ocrx_word' id='word_1_200' title='bbox 187 3418 276 3483; x_wconf 90' lang='lat' dir='ltr'>intra</span> <span class='ocrx_word' id='word_1_201' title='bbox 297 3419 438 3485; x_wconf 90' lang='lat' dir='ltr'>muneris</span> <span class='ocrx_word' id='word_1_202' title='bbox 469 3418 655 3484; x_wconf 86' lang='lat' dir='ltr'>scholastici</span> <span class='ocrx_word' id='word_1_203' title='bbox 685 3418 854 3500; x_wconf 84' lang='lat' dir='ltr'>angustias</span> <span class='ocrx_word' id='word_1_204' title='bbox 884 3428 1063 3505; x_wconf 83' lang='lat' dir='ltr'>cogeretur,</span> <span class='ocrx_word' id='word_1_205' title='bbox 1089 3425 1147 3490; x_wconf 90' lang='lat' dir='ltr'>sed</span> 
     </span>
    </p>
   </div>
   <div class='ocr_carea' id='block_1_2' title="bbox 587 3670 746 3721">
    <p class='ocr_par' dir='ltr' id='par_1_2' title="bbox 587 3670 746 3721">
     <span class='ocr_line' id='line_1_29' title="bbox 587 3670 746 3721; baseline 0.013 -15"><span class='ocrx_word' id='word_1_206' title='bbox 587 3670 746 3721; x_wconf 62' lang='lat'>,15-</span> 
     </span>
    </p>
   </div>
   <div class='ocr_carea' id='block_1_3' title="bbox 0 0 1438 4152">
    <p class='ocr_par' dir='ltr' id='par_1_3' title="bbox 0 0 1438 4152">
     <span class='ocr_line' id='line_1_30' title="bbox 0 0 1438 4152; baseline 0 0"><span class='ocrx_word' id='word_1_207' title='bbox 0 0 1438 4152; x_wconf 95' lang='lat' dir='ltr'> </span> 
     </span>
    </p>
   </div>
  </div>
 </body>
</html>
