2852 4152
570 414 573 417 -
1065 341 1226 457 ...a

1171 463 1179 702 l

267 1318 448 1423 Acerbum
464 1351 603 1416 dolorem
617 1371 772 1415 reuocare
787 1349 884 1429 iales,
900 1349 1084 1428 Ruhnkeni,
1101 1347 1157 1412 Vir

196 1460 423 1539 Celeberrime,
446 1479 520 1522 cum
538 1459 612 1522 Tibi
641 1459 681 1523 de
699 1458 833 1522 Gesneri
853 1457 927 1536 vita,
949 1457 1088 1536 ingenio,
1105 1455 1156 1518 in·

151 1627 153 1638 ,,
195 1567 316 1632 stitutis
340 1567 553 1649 moribusque
577 1585 597 1628 a
620 1585 673 1629 me
702 1565 746 1628 vis
770 1564 879 1629 scribi:
910 1563 1001 1627 cuius
1030 1563 1156 1628 obitum

147 1682 153 1757 l
196 1694 271 1738 cum
296 1677 327 1738 et
359 1674 525 1738 literarum
557 1691 657 1738 eausa
684 1671 835 1736 omnibus
856 1671 1064 1734 vehementer
1084 1688 1155 1734 esse

148 1760 153 1784 ²
196 1781 375 1846 dolendum
399 1783 505 1862 putas,
535 1783 567 1844 et
589 1799 664 1844 mea
691 1797 824 1862 quoque
849 1797 946 1842 causa
973 1777 1021 1840 Te
1043 1775 1156 1841 scribis

196 1889 313 1966 dolere,
339 1891 368 1951 et
396 1887 567 1968 verissime¹
589 1886 722 1966 iudicas,
751 1890 783 1950 ei
805 1885 959 1950 adversus
988 1904 1039 1948 me
1062 1903 1156 1966 pera-

153 2081 154 2084 ¹
194 1999 322 2059 menter
338 1994 426 2058 lacis.
454 1995 538 2059 Nam
555 1994 615 2058 fuit
630 1993 775 2076 prolecto
787 1993 870 2071 talis,
888 1991 1018 2074 qualem
1033 2007 1156 2072 paucos

151 2150 154 2158 .
197 2107 276 2166 ante
297 2121 401 2167 annos
419 2101 573 2184 descripsi
594 2101 627 2165 in
645 2100 808 2165 Homerici
825 2099 940 2182 Operis
957 2097 1158 2180 praefatione

149 2231 153 2233 ·
196 2206 313 2292 (quam
342 2207 399 2272 ¹ille
434 2208 467 2272 in
502 2208 622 2273 ultimis
646 2209 764 2272 adme
788 2207 886 2272 literis
914 2200 1035 2282 &radron
1062 2223 1158 2269 suum

147 2238 153 2390 l
196 2313 396 2398 appellabat)
432 2314 632 2380 Graecarum
662 2313 869 2396 oraraiaraqae
897 2313 1053 2380 daromae
1090 2315 1158 2380 lite·

196 2443 312 2488 rarara
350 2421 389 2486 irr
419 2420 598 2487 Germania
633 2420 837 2504 (addiderim,
873 2441 940 2486 noa
973 2422 1063 2486 modo
1098 2419 1159 2486 hac

147 2613 150 2622 ,
196 2533 318 2608 nostra,
345 2527 399 2592 sed
426 2527 515 2592 oarai
541 2527 706 2608 memoria)
730 2525 822 2610 loape
838 2527 1006 2611 princepe,
1033 2527 1159 2612 iapeaii

146 2623 153 2729 l
197 2639 305 2700 aretem
330 2633 497 2716 felicitate,
531 2634 697 2698 doctrinae
724 2639 894 2699 accuratae
925 2639 956 2699 et
982 2635 1159 2717 capillatae

145 2734 153 2823 l
198 2741 297 2825 copia,
325 2741 482 2807 orationis
510 2740 647 2823 deaiqrre
674 2740 833 2824 elepaaiia
859 2746 890 2806 et
915 2741 1083 2808 dulcedine
1108 2762 1158 2806 ve-

199 2855 304 2916 reram
327 2847 443 2930 optimo
466 2848 581 2930 caiqae
596 2847 795 2912 simillimae:
819 2867 926 2930 neque
946 2849 980 2912 id
995 2849 1078 2929 Tibi,
1103 2853 1160 2913 aut

152 2951 153 2954 ’
199 2957 368 3038 cuiquam,
399 2955 456 3036 qui
483 2955 650 3037 ingenium
678 2958 711 3020 et
739 2955 919 3020 doctrinam
947 2959 1035 3020 recte
1063 2956 1159 3020 aesti-

199 3082 290 3128 mare
317 3062 433 3144 possit,
462 3061 598 3126 dubium
625 3061 766 3126 arbitror
792 3062 908 3127 videri.
937 3060 1062 3140 Quodsi
1086 3062 1160 3126 Tibi

201 3170 396 3252 contigisset,
420 3169 513 3234 illurn
537 3186 650 3234 coram
673 3169 783 3233 videre
811 3173 843 3234 et
866 3169 997 3250 alloqui,
1022 3186 1098 3232 cum
1121 3188 1160 3233 eo
1196 3232 1199 3238 .

201 3279 287 3342 diem
310 3295 414 3341 unum
435 3279 468 3340 et
488 3275 629 3340 alterum
651 3275 778 3356 exigere
802 3275 1015 3355 familiariter,
1044 3275 1088 3340 ita
1112 3274 1160 3340 Te

201 3385 366 3448 adlectum
378 3381 421 3448 ab
434 3402 472 3447 eo
486 3381 955 3464 discessurumfuisseconfidO,
968 3385 1004 3448 ut
1013 3385 1161 3447 nostrum

602 3630 760 3680 ..1-
