2852 4152
223 464 324 526 tatem
348 480 516 527 causarum
540 463 650 529 vocari
676 461 789 544 possit,
821 462 867 528 ita
897 463 1022 545 placide
1052 467 1085 529 et
1113 482 1185 528 con·

225 573 352 634 stanter
386 569 478 650 tulit,
514 575 551 636 ut
584 571 626 635 ad
660 570 835 652 perniciem
871 571 1013 654 corporis
1048 571 1188 639 valuisse

224 675 281 742 vix
304 675 465 742 videatur.
501 676 646 742 Primum
668 676 802 760 gravius
829 681 975 743 tentatus
1003 682 1053 743 est
1080 697 1189 743 mense

226 783 406 864 Septembri
448 783 525 849 anni
570 785 777 867 sexagesimi,
822 804 906 867 cum,
951 785 985 850 in
1023 785 1131 850 reditu
1169 806 1189 850 a

225 891 391 974 legatione
437 892 478 957 ad
516 892 699 958 Xavcrium
742 894 879 974 Ducem,
919 892 1038 958 diutius
1081 899 1189 958 aerem

226 998 434 1064 humidiorem
468 998 501 1064 in
525 999 659 1081 Visurgi
689 1019 781 1066 amne
811 999 980 1066 hausisset.
1024 999 1189 1081 Superiori

225 1106 335 1186 itaque
373 1125 466 1188 anno,
505 1105 539 1172 in
577 1106 720 1172 omnibus
758 1107 800 1172 ad
838 1127 887 1172 me
921 1107 1038 1188 fiterio,
1077 1107 1189 1172 mortis

227 1211 287 1278 sibi
320 1212 450 1294 propius
484 1213 634 1278 minantis
672 1213 863 1278 mentionem
901 1212 988 1294 fecit,
1028 1219 1064 1278 ut
1091 1213 1188 1278 inter·

227 1319 302 1384 dum
331 1319 428 1384 etiam
452 1319 599 1385 dubitare
631 1321 670 1385 de
694 1319 844 1402 Orphicis
872 1319 1074 1388 absolvendis
1101 1320 1189 1386 vide-

227 1431 327 1492 retur.
374 1428 415 1492 In
437 1427 540 1493 literis
563 1432 671 1493 autem
694 1447 723 1493 a.
749 1429 779 1494 d.
800 1429 833 1496 V
856 1427 934 1493 Kal.
959 1428 984 1492 J
986 1447 1037 1493 un
1062 1427 1191 1510 scriptis

228 1535 291 1600 etsi
320 1535 524 1617 ostendebat,
558 1554 593 1600 se
620 1541 753 1618 propter
781 1535 982 1602 vacationem
1013 1535 1192 1600 scholarum

228 1642 446 1707 habendarum
462 1661 603 1725 sperare,
626 1643 778 1709 adfinem
793 1648 963 1711 venturum
979 1642 1002 1708 S
1008 1648 1192 1725 yutagma

230 1749 450 1832 Orphicum,
474 1755 583 1815 tamen
605 1751 784 1831 addiderat,
809 1750 870 1815 nisi
894 1750 969 1830 quid
991 1749 1124 1831 grauius
1143 1750 1190 1815 in-

229 1857 360 1939 cideret,
389 1862 424 1922 et
447 1858 486 1922 de
510 1857 750 1923 diarrhoearum
772 1857 926 1923 molestiis
948 1857 997 1939 iis,
1026 1877 1105 1938 quas
1128 1876 1191 1922 me-

230 1963 293 2030 dici
314 1964 418 2029 nostri
440 1964 482 2029 ad
505 1965 670 2047 paralysin
692 1965 850 2031 viscerum
873 1965 1060 2046 trahebant,
1095 1967 1129 2030 et
1151 1964 1193 2029 ad

229 2071 341 2137 mortis
364 2071 489 2138 vicinae
512 2071 695 2153 periculum.
731 2073 820 2152 Quae
843 2071 1194 2154 praedictioeventum

231 2199 323 2245 suum
345 2179 468 2247 habuit.
491 2180 577 2245 Nam
593 2183 742 2246 vertente
757 2180 782 2245 J
783 2179 846 2245 ulio
869 2179 917 2244 ita
940 2183 1036 2244 aucta
1052 2183 1103 2244 est
1118 2179 1193 2243 mali

231 2287 281 2354 vis
305 2292 339 2353 et
360 2286 560 2352 imbecillitas
584 2287 734 2368 corporis,
759 2292 796 2352 ut
814 2291 949 2352 mortem
965 2305 1064 2368 prope
1080 2285 1193 2354 adesse

233 2399 423 2477 appareret;
449 2413 530 2476 quae
554 2399 725 2460 consecuta
748 2400 798 2460 est
824 2414 853 2459 a.
878 2395 908 2458 d.
926 2395 984 2459 ΙΙΙ
999 2393 1085 2458 Non.
1104 2391 1192 2475 Aug.

300 2501 455 2568 Arbitror
482 2503 529 2568 Te
559 2502 840 2583 animadvertisse,
871 2501 1045 2566 Ruhnkeni
1074 2500 1193 2566 Claris-

233 2610 321 2692 sime,
345 2630 403 2692 per
426 2616 529 2676 totum
545 2611 637 2676 huius
652 2609 846 2676 narrationis
863 2609 1040 2689 decursum,
1064 2607 1098 2672 in
1113 2607 1194 2674 Ges-

233 2736 310 2783 nero
344 2737 408 2783 non
441 2717 543 2784 nrinus
577 2737 671 2784 rarae
702 2717 864 2798 fortunae,
907 2735 1002 2796 quam
1031 2714 1196 2781 doctrinae

234 2826 413 2907 exemplum
436 2831 559 2892 extare.
605 2825 686 2892 Eius
709 2823 873 2890 felicitatis
895 2841 1030 2905 magnus
1054 2823 1196 2888 cumrdus

235 2933 307 3014 fuit,
342 2931 435 2996 immo
470 2950 645 3013 permagna
674 2949 760 3012 pam,
799 2931 832 2996 in
864 2930 1076 3012 matrimonio,
1112 2929 1197 3010 quod
1280 3001 1282 3004 ,

234 3039 394 3108 Vinariae
424 3038 542 3104 imerat
576 3058 646 3104 cum
679 3039 867 3105 Elisabetha
895 3038 1064 3104 Charitate
1094 3039 1196 3103 Eber-

152 3157 155 3164 '
235 3146 358 3229 hardia,
394 3145 579 3214 Sacerdotis
603 3147 726 3214 Gerani
748 3147 781 3212 in
799 3149 931 3213 Ducatu
947 3147 1098 3214 Gothano
1121 3144 1196 3226 fiha,

237 3273 331 3334 quam
366 3255 434 3319 sola
468 3255 565 3320 arrimi
599 3260 634 3319 et
662 3254 793 3321 virtutis
823 3253 1024 3336 praestantia
1050 3253 1198 3317 incensus

238 3361 385 3434 duxerat.
431 3363 539 3428 Erant
560 3361 594 3427 in
617 3381 656 3428 ea
678 3361 797 3445 omnia,
828 3381 910 3443 quae
936 3363 1066 3428 beatum
1088 3359 1198 3432 matri·

638 3611 800 3671 -26-
