2852 4152
240 544 353 591 annos
399 527 517 606 Itaque
540 529 580 592 ab
605 525 707 607 initio,
732 526 817 606 quod
839 525 908 608 ipse
931 525 1009 591 milri
1028 525 1204 608 fatebatur,

240 632 460 701 vehementius
494 635 693 713 movebatur,
723 633 847 697 cumei
874 632 994 712 aliquid
1025 633 1204 714 accidisset,

242 741 326 821 quod
355 759 419 806 non
447 741 594 822 deberet,
623 740 713 822 isque
741 760 864 806 morsus
894 741 991 806 animi
1017 741 1086 823 ipso
1114 741 1206 806 vultu

241 866 276 912 66
312 850 478 930 prodebat.
535 848 600 914 Sed
633 849 701 930 ille,
741 848 775 912 id
810 848 894 929 quod
935 846 1207 914 animadvertenti

242 957 416 1022 observare
447 955 581 1037 licebat,
613 956 697 1020 omni
721 974 781 1038 ope
809 959 962 1022 sorbebat
993 955 1143 1036 dolorem,
1173 959 1207 1018 et

242 1062 383 1128 animum
411 1065 548 1146 cogebat
578 1082 789 1146 concoquere,
820 1065 854 1129 in
883 1063 1049 1146 principiis
1079 1061 1206 1143 quidem

242 1189 306 1236 non
326 1171 394 1235 sine
410 1170 606 1236 incommodo
622 1171 827 1253 valetudinis
852 1171 1019 1253 paullatim
1035 1170 1105 1236 sine
1120 1187 1206 1233 noxa

242 1281 277 1341 et
303 1295 507 1358 magnacum
531 1277 728 1341 constantia:
754 1296 849 1356 quam
872 1295 942 1342 cum
965 1279 1005 1341 ab
1029 1275 1110 1357 aliie,
1139 1280 1207 1341 tum
1229 1286 1232 1297 '

243 1401 263 1446 a
298 1382 490 1464 Brendeli0,
526 1382 739 1447 eruditissimo
775 1388 809 1448 61
843 1382 1047 1448 celeberrimo
1085 1381 1207 1446 medico

243 1489 463 1573 Gottingensi,
487 1491 596 1558 audivi
619 1492 807 1573 praedicari,
833 1512 904 1556 eum
926 1491 981 1556 ille
1005 1492 1111 1573 paullo
1132 1495 1207 1573 post
1241 1501 1242 1504 ’

241 1617 376 1680 gravem
398 1597 535 1664 Gesneri
557 1601 710 1681 morbum,
735 1600 774 1664 de
798 1618 859 1680 quo
884 1605 959 1664 ante
983 1599 1060 1681 dixi,
1084 1599 1207 1679 aliquot
1240 1613 1242 1617 ’

243 1705 311 1772 dies
339 1705 373 1771 in
400 1708 461 1772 hac
488 1709 567 1772 urbe
596 1714 858 1788 commoraretur,
893 1712 926 1771 et
955 1707 1088 1772 multum
1120 1712 1207 1771 66661

241 1834 375 1880 mecum.
415 1815 546 1880 Etenim
569 1815 648 1880 nihil
672 1815 758 1880 aliud
781 1815 883 1897 magis
906 1814 1016 1880 aiebat
1038 1833 1073 1879 66
1096 1813 1207 1878 mirari

241 1923 274 1987 in
291 1921 447 2004 Gesnero,
473 1943 567 2003 qnam
587 1923 753 1988 lenitatem
770 1927 804 1987 et
819 1922 1009 2004 patientiam
1024 1921 1057 1986 in
1073 1921 1205 1986 ferendo
1240 1913 1241 1916 '

241 2028 303 2094 tali
331 2029 449 2094 dolore.
500 2029 694 2094 Incredibile
730 2047 800 2094 esse
835 2029 937 2120 dictu,
973 2047 1055 2109 quae
1089 2029 1144 2094 ille
1173 2034 1207 2092 et

242 2117 363 2216 quanta
398 2155 467 2200 cum
502 2135 685 2201 constantia
720 2139 754 2199 et
787 2135 953 2214 aequitate
980 2135 1140 2200 interdum
1172 2135 1231 2200 in

242 2243 385 2308 Consilio
409 2241 534 2324 publico
557 2261 577 2306 a
598 2242 729 2324 collegis
751 2241 938 2322 quibusdam
954 2241 1104 2314 audierit.
1136 2243 1207 2306 Nec

242 2371 320 2419 uero
336 2352 384 2416 ita
400 2351 601 2433 opprimebat
616 2350 766 2431 dolorem,
788 2353 825 2412 ut
840 2348 1023 2413 memoriam
1039 2349 1206 2430 retineret,
1239 2335 1240 2338 ¹

244 2464 277 2524 et
300 2479 334 2524 se
362 2459 504 2524 retinere
527 2477 585 2541 per
600 2458 799 2523 occasionem
822 2456 916 2522 (116116
940 2455 1076 2524 saetisve
1100 2462 1206 2521 osten-

243 2568 346 2632 deret.
382 2566 492 2632 Etiam
516 2585 586 2631 cum
609 2565 777 2647 repentino
801 2563 906 2644 aliquo
932 2567 966 2627 61
992 2581 1055 2627 uon
1077 2563 1206 2645 proviso
1239 2637 1240 2640 Ἴ

244 2674 353 2738 dolore
389 2672 637 2754 opprimebatur,
669 2677 777 2736 tamen
807 2669 918 2735 statim
953 2670 1127 2752 colligebat
1161 2690 1206 2752 se,

245 2785 342 2861 atque
365 2781 407 2846 ad
430 2781 657 2864 ignoscendum
680 2785 814 2862 paratus
838 2784 923 2861 erat,
953 2783 986 2842 et
1009 2798 1086 2845 vero
1110 2780 1208 2844 etiam
1230 2799 1240 2822 ²

244 2889 287 2953 ad
310 2887 483 2953 amicitiam
505 2888 708 2970 iungendam,
733 2887 761 2952 si
784 2887 854 2967 quis
877 2887 986 2952 vellet.

312 2995 428 3076 Neque
460 2996 542 3061 enim
569 2996 750 3078 proniorem
774 3000 831 3060 aut
855 2995 1012 3078 aptiorem
1036 2995 1077 3060 ad
1101 2995 1207 3060 amici-

245 3101 309 3167 tias
332 3101 489 3167 hominem
504 3100 582 3183 vidi,
607 3102 659 3169 vel
682 3107 801 3167 natura
825 3106 858 3166 et
873 3100 1010 3183 ingenio,
1035 3102 1087 3168 vel
1104 3102 1207 3166 animo
1229 3093 1240 3166 ἶ

247 3214 281 3273 61
323 3208 472 3275 moribus
530 3207 594 3292 Qui
629 3213 696 3273 tam
734 3207 872 3272 libenter
913 3208 1098 3287 loqueretur
1138 3227 1208 3273 cum

246 3317 395 3399 mortulo,
431 3334 564 3397 quorum
599 3317 756 3382 delectum
791 3321 916 3380 coetum
951 3316 1048 3397 domi,
1084 3317 1207 3398 pulcer·

246 3424 359 3490 rimum
394 3423 560 3489 concilium
597 3425 630 3489 in
668 3424 862 3489 bibliotheca
895 3425 1022 3505 publica
1056 3425 1207 3506 habebat,

648 3673 808 3724 ..50-
