2852 4152
162 341 1288 516 mm?

244 537 427 620 Plerosque
449 538 511 604 hac
534 539 677 604 maxime
701 539 742 604 de
767 558 866 604 causa
889 561 989 624 saepe
1011 561 1124 606 rerum
1140 561 1208 604 non

244 645 376 725 vidisse,
405 646 512 710 aliena
539 646 582 710 ab
610 649 720 710 mente
747 646 945 729 scriptorum
974 647 1149 712 tradidisse
1176 650 1210 711 et

244 753 465 836 repugnantia
488 752 670 836 scripsisse,
701 754 792 836 quod
821 754 923 818 talem
951 754 1128 820 lectionem
1151 773 1210 818 ne·
1242 783 1243 786 ¹

219 879 220 882 ¹
244 860 434 940 glexissent:
459 861 501 925 de
524 880 592 942 quo
615 861 650 924 in
666 861 873 943 Scriptorum
897 863 1096 927 rusticorum
1112 881 1210 944 prae·

210 1041 211 1044 ,
244 967 367 1032 latione
405 971 556 1032 accurate
595 967 731 1050 scripsit.
790 969 905 1050 Itaque
943 988 1012 1034 non
1046 969 1211 1052 probabat

245 1075 473 1142 cunctationes
497 1075 658 1140 editorum
675 1075 811 1154 nimias;
835 1095 895 1158 per
914 1095 997 1159 quas
1014 1076 1211 1141 oblivionem

246 1181 353 1246 venire
377 1185 560 1261 eteorum,
589 1202 675 1265 quae
699 1183 854 1265 scriptor,
883 1186 915 1247 et
943 1202 1030 1265 quae
1053 1183 1211 1265 interpres

244 1293 320 1354 ante
344 1288 489 1356 dixisset.
528 1289 565 1352 ln
588 1288 838 1372 interpretando
861 1292 895 1353 et
917 1289 1111 1353 illustrando
1135 1291 1211 1354 bre·

243 1396 377 1460 vitatem
401 1395 614 1478 sequebatur,
638 1396 696 1460 sed
719 1415 805 1478 quae
828 1395 908 1460 nihil
924 1396 1102 1460 desiderari
1117 1399 1211 1478 pate-

245 1507 348 1570 retur.
395 1503 511 1585 ltaque
546 1522 613 1567 non
648 1503 811 1568 obruebat
845 1503 983 1568 lectores
1014 1503 1116 1583 notiS,
1152 1504 1212 1568 sed

245 1611 434 1678 adiuvabat.
481 1611 547 1676 Nec
575 1610 674 1675 verba
701 1611 802 1675 modo
831 1611 982 1691 curabat,
1007 1611 1138 1676 sedvel
1161 1611 1212 1674 in-

244 1719 357 1802 primis
390 1739 453 1785 res.
504 1717 710 1801 Scriptorum
741 1719 943 1784 Graecorum
970 1719 1056 1783 bene
1083 1722 1116 1783 et
1146 1719 1212 1784 ele·

246 1830 361 1911 genter
388 1827 621 1892 vertendorum
654 1828 777 1891 nullum
807 1827 897 1891 aliud
926 1826 1073 1909 pulcrius
1101 1847 1212 1890 exem·

244 1936 336 2017 plum
360 1938 459 2016 extat,
485 1937 520 1998 ut
545 1935 670 2016 opinor,
701 1954 802 2016 quam
825 1934 960 1998 Luciani
983 1934 1211 2017 interpretatio

245 2041 376 2121 Latina,
404 2059 506 2122 quam
528 2041 571 2104 ab
596 2040 861 2122 Hemsterhusio,
890 2041 959 2105 viro
987 2061 1131 2122 summo,
1156 2041 1213 2106 de·

244 2148 391 2231 positam
414 2147 483 2230 ipse
506 2142 746 2229 susceperat*):
775 2147 859 2211 adeo
882 2167 980 2231 pura,
1004 2149 1150 2230 elegans,
1180 2151 1213 2213 et

244 2257 371 2320 formae
387 2255 569 2319 Lucianeae
592 2254 736 2319 retinens
764 2258 822 2334 est,
845 2256 933 2320 salva
948 2255 1130 2322 Latinitate.
1176 2257 1213 2326 ln

247 2383 287 2428 eo
322 2367 434 2428 autem
462 2363 622 2446 scriptore
652 2363 750 2427 etiam
777 2361 852 2442 hac,
884 2363 1015 2444 opinor,
1044 2365 1085 2428 de
1114 2383 1213 2430 causa

245 2471 370 2537 felicius
386 2471 554 2550 laboravit,
575 2469 664 2552 quod
680 2489 757 2534 eum
773 2471 815 2535 ab
831 2470 1051 2536 adolescentia
1066 2472 1213 2536 studiose

246 2581 381 2660 legerat,
405 2597 445 2643 ac
468 2597 573 2661 paene
596 2577 781 2642 imbiberat.
825 2579 862 2642 ln
884 2577 949 2642 hoc
972 2577 1044 2661 ipso
1067 2579 1212 2661 primum

247 2688 315 2752 fere
339 2689 373 2750 et
395 2685 537 2749 maxime
561 2685 725 2764 didicerat,
758 2685 836 2768 quid
860 2686 902 2749 ad
926 2685 1154 2751 inveniendum
1179 2690 1213 2750 et

247 2795 459 2858 iudicandum
493 2794 665 2876 prodesset
698 2793 793 2857 lectio
822 2793 1004 2872 continens,
1040 2797 1073 2858 et
1103 2797 1209 2858 totum

247 2901 336 2966 velut
364 2899 508 2982 spatium
538 2919 637 2980 saepe
668 2899 858 2979 decurrens,
893 2902 925 2963 et
953 2899 1072 2964 seriem
1101 2920 1212 2964 rerum

248 3009 434 3073 universam
454 3026 667 3090 persequens.
714 3007 800 3070 Nam
819 3006 897 3071 hinc
912 3011 1046 3072 venerat
1067 3007 1121 3071 ille
1144 3008 1212 3091 pri·

247 3135 340 3182 mum
374 3115 463 3178 velut
497 3118 612 3198 gustus
648 3115 847 3194 Lucianeus,
888 3133 947 3196 per
981 3134 1096 3197 quem,
1133 3116 1213 3198 quid

301 3346 327 3420 *)
346 3347 378 3400 In
397 3347 527 3402 editione
545 3343 591 3402 Jo.
610 3343 693 3399 Fred.
713 3343 827 3400 Rettuli.
864 3342 988 3399 Amstel.
1010 3343 1087 3402 1743.
