2852 4152
544 437 652 450 Nm*
658 441 1006 460 nmmum-mam

22 502 74 569 pam
143 449 149 554 1
184 471 325 540 Gesnern
337 480 485 558 cognato
485 436 646 558 atqueut
658 474 770 559 opinor
782 474 879 543 etiam
891 495 1035 543 moerore
1050 475 1145 546 amis·

23 621 61 678 ,ep
183 600 241 647 sae
264 601 304 648 cx
327 587 424 665 partu
447 582 567 666 uxoris,
590 582 753 664 Geretiae,
780 582 829 650 vit
830 603 881 649 am
901 584 1145 667 praecipitavit:

21 721 73 788 asi}
182 690 268 755 alter
286 690 320 756 in
335 690 485 759 Oaroliuo
501 691 643 774 Oollegio
660 692 746 774 apud
761 691 1014 758 Bmmsvicenses
1030 712 1146 775 magna

183 815 255 862 oum
270 798 366 863 laude
382 798 614 881 philosophiam
630 803 664 864 et
679 797 922 863 mathematicas
937 805 1026 863 artes
1042 799 1145 864 docet.

141 903 145 911 '
252 905 376 972 Verum
404 905 624 988 Anspacensis
658 905 862 971 commoratio
893 925 956 970 non
986 905 1049 970 11111
1079 906 1146 971 diu·

183 1016 290 1093 turna,
315 1013 469 1078 tredecim
491 1013 561 1080 fere
583 1013 746 1078 mensium.
793 1014 943 1082 Vacabat
970 1019 1038 1078 tmn
1061 1014 1147 1095 apud

183 1136 242 1184 nos
264 1117 415 1184 Rectoris
438 1119 471 1184 in
494 1119 609 1185 Schola
633 1119 799 1184 Thomana
821 1119 919 1185 locus.
965 1118 1047 1185 Cum
1076 1139 1147 1186 eum
1173 1103 1174 1108 ἵ

184 1223 286 1291 Seuat
271 1229 325 1290 tus
348 1226 501 1296 mandare
524 1245 619 1307 quam
634 1225 771 1291 maxime
787 1224 946 1290 idoneo
915 1245 985 1292 vno
1001 1233 1146 1309 cuperet,

52 1313 56 1341 ’
139 1292 147 1402 i
183 1332 374 1414 primoribus
397 1333 532 1416 Codegii
548 1334 759 1402 Gesnerum'
750 1353 893 1417 mrpense
916 1334 1149 1402 conmendavit

140 1413 415 1540 'illustrissimus
448 1441 630 1522 Bunavius,
670 1441 724 1522 qui
762 1445 830 1506 tum
869 1439 1003 1506 Senatui
1036 1442 1148 1507 Eccle-

141 1545 146 1612 1
184 1547 1147 1631 111111111111111111111111111111111311111111111111111111,
1176 1546 1179 1553 ’

184 1659 219 1719 11
244 1655 397 1736 omnibus,
428 1654 482 1736 qui
512 1655 700 1737 exquisitius
730 1655 816 1721 docti
842 1661 961 1738 essent,
983 1655 1148 1722 verissime

184 1767 218 1826 et
241 1761 423 1828 enixissime
449 1761 595 1836 favebat:
625 1781 698 1828 nam
726 1781 802 1827 casu
825 1761 858 1828 in
881 1763 942 1828 hac
962 1763 1052 1828 Urbe
1076 1769 1148 1828 erat

182 1868 451 1951 inspiciendarum
470 1888 578 1935 rerum
593 1868 859 1935 Academicarum
875 1889 981 1936 causa.
1021 1869 1147 1953 Accep-

183 1981 252 2042 tum
275 1981 326 2042 est
348 1976 590 2042 saluberrimmn
611 1975 774 2042 oonsilimn
797 1978 837 2042 ab
861 1976 909 2058 iis,
934 1976 989 2058 qm
1011 1977 1148 2043 marinna

185 2083 363 2149 consudtum
396 2083 524 2149 scholae
554 2089 718 2166 cuperent,
755 2089 789 2150 et
818 2088 984 2166 acceptmn
1015 2089 1066 2150 est
1088 2086 1149 2150 hoc

184 2189 309 2256 sachius
340 2195 375 2257 11
403 2190 568 2272 1111111111,
599 2191 683 2272 quod
712 2210 776 2258 non
805 2191 896 2257 modo
927 2192 968 2257 de
1002 2192 1148 2259 doctrina

184 2297 247 2365 viri
277 2299 460 2379 constabat,
492 2298 549 2362 sed
579 2302 673 2363 erant
703 2297 814 2379 etiam,
845 2297 958 2378 nuribus
987 2299 1148 2379 exquisita

184 2404 247 2471 viri
283 2405 465 2471 humanitas
500 2409 539 2470 11
564 2403 726 2487 elegantia
762 2409 840 2470 nota
870 2409 966 2471 esset.
1016 2405 1148 2471 Etenim

184 2530 248 2577 non
271 2510 379 2577 multis
406 2511 498 2576 annis
525 2516 601 2578 ante
625 2511 765 2576 Thomas
788 2510 983 2594 FritschiuS,
1011 2511 1066 2593 qui
1093 2531 1147 2578 no·

185 2619 281 2685 bilem
303 2618 467 2684 librariam
490 2618 523 2684 in
546 2620 608 2684 hac
630 2620 709 2685 urbe
733 2618 921 2700 factitabat,
950 2638 1020 2685 cum
1042 2621 1068 2686 J
1070 2639 1149 2686 onae

82 2811 84 2823 Ι
184 2725 354 2793 Buddeum
366 2725 533 2808 magnifice
545 2725 585 2791 de
602 2724 669 2792 eius
681 2725 827 2792 doctrina
838 2725 1032 2792 iudicantem
1043 2727 1148 2794 audis·

45 2909 46 2918 ,
184 2839 245 2915 set,
270 2831 447 2915 cupiditate
470 2832 538 2899 eius
561 2832 772 2915 cognoscendi
798 2832 955 2914 incensus,
987 2833 1061 2899 dum
1088 2835 1149 2900 huc

43 2975 45 2983 ·
80 2978 86 3000 „
184 2941 316 3022 rediret,
341 2959 399 3023 per
415 2940 583 3008 Vinariam
602 2939 667 3006 iter
690 2940 823 3022 fecerat,
848 2945 946 3022 atque
973 2940 1077 3023 ipsum
1099 2959 1147 3006 se·

42 3058 44 3067 '
185 3069 255 3116 oum
278 3049 422 3132 lipsiam
443 3049 640 3129 abduxerat,
670 3054 738 3114 tum
761 3048 858 3114 animi
881 3067 991 3129 causa,
1021 3053 1088 3113 tum
1112 3053 1160 3116 ut

185 3159 252 3224 eius
276 3157 413 3224 consiliis
442 3156 475 3222 in
498 3159 594 3223 rebus
618 3157 790 3239 nonmdlis,
822 3175 902 3238 quas
931 3161 1073 3238 pararet,
1101 3155 1147 3221 in·

79 3291 99 3302 1·
185 3265 294 3348 primis
323 3264 358 3331 in
380 3264 495 3331 Lexici
517 3263 687 3345 Fabriani,
717 3263 859 3345 itemque
886 3262 1034 3330 historici
1056 3281 1147 3344 repe-

185 3373 302 3441 titione
334 3377 491 3441 uteretur.
549 3374 585 3440 Is
620 3391 692 3439 eum
726 3373 909 3440 adduxerat
942 3371 977 3438 in
1011 3389 1147 3438 conven-

22 830 60 895 tio·

586 3621 745 3674 -17-
