2852 4152
425 357 483 368 m-unu
487 357 847 372 mmmmm-umnam*
852 359 904 374 m
908 357 1197 370 mvflmw

289 437 356 500 tum
379 432 520 502 virormn
543 432 774 516 primariorum,
804 431 947 514 Stiglitii,
975 431 1141 515 Boerneri,
1162 433 1247 499 Bau-

288 541 370 623 disii,
403 543 580 623 Menkenii,
618 542 789 622 blascovii,
823 542 992 623 Wagneri,
1011 541 1083 628 ¹qui
1117 541 1249 624 singulis

289 650 399 715 diebus
423 650 542 715 Martis
577 652 617 716 ab
652 651 731 716 bora
766 655 860 715 sexta
888 650 1025 716 coibant.
1072 651 1179 715 Erant
1205 648 1250 714 ibi

289 756 424 837 primum
448 779 610 824 sermones
634 759 673 823 de
697 759 814 823 literis:
845 761 1039 838 sequebatur
1062 777 1161 822 coena
1183 757 1249 821 fru-

288 863 381 945 galis,
410 885 493 945 quae
524 866 650 947 etipsa
673 866 868 932 sermonibus
896 865 1014 930 talibus
1042 865 1250 930 exhilaretur.

289 972 409 1036 Munus
433 970 613 1053 excipiendi
630 972 780 1038 convivas
803 972 836 1036 in
852 973 960 1036 orbem
974 971 1052 1051 ibat,
1078 975 1112 1035 et
1134 970 1252 1034 licebat

288 1078 458 1158 adducere,
483 1078 510 1143 si
534 1078 584 1143 cui
607 1079 722 1160 hospes
738 1079 889 1160 venisset,
915 1077 1002 1143 cuius
1024 1077 1186 1160 ingenium
1209 1078 1251 1140 ab

289 1185 363 1250 talis
398 1191 574 1252 conventus
609 1187 737 1251 consilio
771 1206 834 1252 non
867 1189 1042 1253 abhorrere
1074 1186 1250 1254 videretm.

288 1293 457 1358 Narrabat
483 1294 559 1359 milri
583 1294 758 1376 Stiglitius,
790 1314 851 1375 quo
882 1299 1026 1376 tempore
1054 1294 1185 1359 consilia
1212 1293 1252 1357 de

290 1420 327 1467 eo
351 1403 493 1468 vocando
518 1403 727 1485 agitabantur
750 1422 858 1468 onmes
881 1402 1011 1467 mirifice
1027 1407 1138 1484 captos
1153 1401 1253 1466 fuisse

289 1510 352 1577 viri
374 1510 512 1592 ingenio,
537 1511 692 1592 doctrina,
718 1531 800 1591 quae
820 1511 888 1576 sine
904 1511 1120 1576 ostentatione
1135 1509 1252 1592 paeda-

290 1617 406 1698 gogica
429 1616 638 1698 proferretur,
664 1623 698 1682 et
720 1637 841 1682 morum
857 1617 1051 1682 urbanitate.
1088 1616 1254 1682 Invitatus

290 1724 390 1806 igitur
421 1729 472 1789 est
505 1723 607 1788 literis
638 1723 777 1790 Senatus
807 1725 849 1788 ad
867 1725 1026 1790 -Sclrolam
1057 1725 1255 1789 Thomanam

290 1830 542 1913 gubernandam.
591 1831 663 1894 Nec
691 1830 851 1896 dubitavit
874 1830 1033 1912 accipere,
1058 1831 1142 1910 quod
1166 1831 1253 1896 defe-

291 1941 437 2003 rebatur:
466 1957 530 2003 non
554 1957 614 2018 quo
639 1938 821 2019 poeniteret
845 1939 940 2003 sortis
965 1959 1043 2004 suae
1067 1944 1100 2003 ct
1123 1937 1253 2020 Anspa·

292 2045 440 2126 censium,
465 2046 521 2110 sed
545 2045 629 2125 ‹prrod
652 2045 712 2110 sibi
735 2045 886 2110 maiorem
907 2046 958 2111 llic
974 2046 1160 2111 sacrdtatem
1184 2047 1255 2112 dari

292 2156 424 2234 putaret
454 2153 535 2216 berre
566 2151 605 2215 de
635 2151 737 2218 literis
765 2153 920 2233 merendi,
950 2173 1008 2218 nec
1036 2153 1105 2218 sine
1127 2154 1254 2219 turmine

293 2259 398 2326 divino
430 2279 500 2325 eam
530 2259 590 2325 sibi
620 2259 831 2325 conditionem
861 2261 1011 2325 oblatam.
1062 2261 1164 2329 Venit
1193 2263 1255 2326 buc

293 2386 401 2432 mense
431 2367 613 2449 Septembri
642 2367 717 2431 anni
748 2367 920 2449 trigesimi,
953 2373 1170 2450 exceptusque
1205 2374 1256 2434 est

292 2473 353 2554 ita,
382 2480 419 2540 ut
446 2475 540 2540 facile
564 2480 756 2557 agnosceret
783 2475 1030 2556 propensissima
1058 2477 1194 2542 omnium
1221 2477 1255 2541 in

293 2599 327 2645 se
352 2581 475 2663 studia,
509 2587 542 2646 et
566 2601 718 2646 summam
748 2581 781 2645 in
805 2601 863 2645 sua
887 2583 1032 2647 doctrina
1056 2589 1090 2648 et
1114 2584 1253 2650 denteri-

293 2691 363 2751 tate
386 2687 546 2762 fiduciam;
572 2707 642 2752 cum
666 2688 695 2752 ei
718 2707 781 2752 non
804 2689 895 2752 modo
920 2689 1019 2754 honos
1048 2710 1067 2754 a
1095 2691 1269 2771 primariis

294 2795 372 2861 uiris
396 2796 571 2860 haberetur
594 2795 765 2875 maximus,
794 2796 851 2860 scd
875 2795 971 2861 etiam
994 2802 1139 2878 potestas
1162 2798 1256 2864 fieret

294 2901 341 2966 rei
368 2903 591 2983 scholasticae,
620 2908 658 2968 ut
685 2903 864 2984 videretur,
895 2903 1100 2971 ordinandae.
1151 2905 1255 2988 Saepe

295 3013 366 3072 erat
396 3028 466 3074 cum
495 3009 685 3090 primoribus
716 3009 867 3076 Civitatis
902 3011 944 3074 ad
975 3013 1173 3092 colloquendi
1202 3014 1255 3079 uel

295 3116 448 3180 coenandi
476 3135 589 3182 causa:
619 3115 648 3181 ei
676 3114 769 3180 liberi
796 3115 829 3180 in
858 3117 1056 3198 disciplinam
1080 3120 1253 3185 dabantur:

295 3223 379 3286 omni
412 3241 529 3303 genere
563 3221 768 3287 liberalitatis
796 3225 1026 3292 cumulabatur.
1078 3226 1185 3291 Unum
1214 3246 1254 3290 ex

296 3348 332 3394 eo
348 3348 467 3412 genere
483 3347 746 3396 commemorasse
762 3333 814 3394 sat
830 3329 904 3398 crit.
932 3329 1012 3398 Oum
1027 3331 1130 3414 prima
1142 3333 1253 3416 lrienre,

696 3579 857 3630 ..18-
