2852 4152
465 899 925 1012 Praemonondum.

282 1135 339 1202 Jo.
369 1131 458 1218 Aug.
490 1132 623 1201 Ernesti
652 1131 872 1201 narrationem
901 1134 941 1202 de
967 1134 1023 1202 Jo.
1055 1135 1177 1202 Matth.

215 1241 363 1310 Gesnero
387 1239 519 1324 Lipsiae
545 1249 640 1324 1762,
666 1248 685 1307 4
710 1239 883 1324 eodemque
911 1260 993 1309 anno
1017 1241 1051 1308 in
1073 1241 1178 1324 Opus-

216 1347 294 1414 culis
324 1346 474 1414 oratoriis
504 1349 543 1414 L.
572 1348 613 1414 B.
645 1352 678 1415 et
707 1348 741 1416 in
770 1367 880 1416 eorum
907 1349 1012 1416 aitera
1039 1349 1179 1416 editione

214 1454 332 1521 ibidem
357 1462 441 1521 1767
467 1453 577 1538 edidit,
601 1453 687 1522 unde
709 1455 743 1523 in
766 1454 967 1539 Biographia
994 1455 1179 1524 academica

215 1561 400 1630 academiae
428 1561 655 1647 Gottingensis
685 1567 736 1630 est
763 1561 913 1646 repetita.
969 1563 1059 1630 Frid.
1088 1562 1177 1648 Aug.

216 1669 312 1736 Wolf
331 1674 440 1737 autem
464 1669 570 1752 elogia
585 1669 658 1738 Tib.
672 1668 914 1736 Hemsterhusii
931 1675 965 1738 et
979 1670 1006 1736 J
1006 1689 1035 1738 o.
1053 1671 1176 1738 Matth.

215 1777 355 1846 Gesneri
389 1776 578 1844 auctoribus
612 1777 698 1846 Dav.
726 1775 898 1844 Ruhkenio
934 1781 968 1844 et
1000 1777 1057 1846 Jo.
1088 1777 1177 1862 Aug.

214 1885 367 1952 Ernestio
391 1884 424 1951 in
439 1903 531 1951 usum
547 1883 763 1952 studiosorum
779 1883 876 1952 Halis
895 1893 979 1951 1788
995 1885 1179 1954 recudenda

215 1991 351 2060 curavit.
397 1991 519 2059 Nostro
547 1991 673 2059 demum
700 1991 827 2060 saeculo
851 1991 927 2060 (iar.
951 1992 1056 2060 Henr.
1080 1993 1177 2060 Fret-

214 2100 308 2166 soher
329 2098 364 2165 in
387 2099 604 2182 eloquentium
626 2099 768 2168 virorum
790 2099 1028 2167 narrationibus
1044 2099 1084 2167 de
1099 2099 1178 2168 vitis

213 2207 374 2274 honrinum
412 2207 559 2275 doctrina
593 2213 628 2275 et
661 2207 785 2276 virtute
819 2207 1043 2276 excellentium
1077 2227 1110 2278 v.
1138 2210 1178 2278 H

214 2314 292 2397 Lps.
323 2322 409 2384 1826
439 2315 574 2384 Ernesti
601 2313 821 2383 narrationem
847 2314 888 2382 de
916 2312 1061 2383 Gesnero
1090 2315 1178 2400 typis

213 2421 454 2506 exprimendam
487 2422 616 2492 curavit
652 2441 756 2505 neque
793 2427 903 2489 tamen
940 2426 1055 2507 postea
1093 2424 1177 2507 quod

212 2527 311 2596 seiam
333 2529 367 2597 in
383 2529 560 2599 Germania
582 2529 750 2613 quisquam
771 2548 842 2597 earn
856 2529 946 2614 prelo
969 2529 1116 2613 subiecit,
1140 2535 1178 2597 ut

212 2635 326 2704 mirum
354 2621 516 2706 essenon
542 2636 659 2722 possit,
688 2637 773 2721 quod
799 2636 919 2706 nostris
946 2637 1074 2720 quidem
1096 2642 1175 2706 tem·

208 2743 341 2828 poribus
370 2744 464 2813 huiru
491 2745 590 2814 libelli
613 2745 760 2830 exempla
790 2749 825 2814 et
851 2763 926 2814 raro
954 2744 988 2813 in
1014 2745 1177 2814 Sosiorum

208 2852 352 2920 tabernis
389 2852 597 2923 inveniuntur
635 2857 669 2922 et
702 2852 868 2921 rarissime
904 2873 925 2920 a
958 2853 1039 2921 viris
1074 2852 1176 2921 doctis

207 2961 370 3044 legrmtur.
423 2959 476 3028 Ao
502 2965 612 3029 tamen
641 2960 781 3030 Gesneri
807 2960 912 3044 imago
940 2958 1018 3027 mihi
1047 2957 1175 3042 quidem

101 3081 103 3084 ·
208 3068 364 3154 imprimis
398 3069 497 3155 digna
530 3069 661 3139 videtur
694 3088 776 3154 esse,
811 3088 894 3153 quae
928 3072 966 3137 ut
995 3066 1176 3151 exemplum

207 3176 396 3246 imitandum
418 3176 497 3246 viris
520 3175 624 3246 dootis
647 3181 724 3245 ante
747 3175 854 3246 oeulos
883 3179 1024 3260 ponatur
1050 3193 1174 3243 eorum·

208 3305 271 3369 qua
301 3285 416 3354 animis
446 3284 538 3369 quasi
567 3285 777 3370 insordpatur.
823 3285 1061 3369 Saepenumero
1089 3281 1176 3350 enirn

208 3394 374 3466 observari
404 3398 527 3483 potest,
563 3412 658 3477 quam
687 3393 783 3463 iaoilo
814 3411 924 3462 eorum
950 3389 1105 3464 memoria
1133 3389 1174 3465 do

607 3643 768 3702 ..s-1...
