<?xml version="1.0" encoding="UTF-8"?>
<!DOCTYPE html PUBLIC "-//W3C//DTD XHTML 1.0 Transitional//EN"
    "http://www.w3.org/TR/xhtml1/DTD/xhtml1-transitional.dtd">
<html xmlns="http://www.w3.org/1999/xhtml" xml:lang="en" lang="en">
 <head>
  <title>
</title>
<meta http-equiv="Content-Type" content="text/html;charset=utf-8" />
  <meta name='ocr-system' content='tesseract 3.04.00' />
  <meta name='ocr-capabilities' content='ocr_page ocr_carea ocr_par ocr_line ocrx_word'/>
</head>
<body>
  <div class='ocr_page' id='page_1' title='image "./narratiodejomat00ernegoog_0049.png"; bbox 0 0 2852 4152; ppageno 0'>
   <div class='ocr_carea' id='block_1_1' title="bbox 256 441 1225 2460">
    <p class='ocr_par' dir='ltr' id='par_1_1' title="bbox 256 441 1225 2460">
     <span class='ocr_line' id='line_1_1' title="bbox 258 441 1223 528; baseline 0.004 -20"><span class='ocrx_word' id='word_1_1' title='bbox 258 441 337 508; x_wconf 93' lang='lat' dir='ltr'>inde</span> <span class='ocrx_word' id='word_1_2' title='bbox 360 445 393 508; x_wconf 89' lang='lat' dir='ltr'>et</span> <span class='ocrx_word' id='word_1_3' title='bbox 416 441 470 507; x_wconf 90' lang='lat' dir='ltr'>alii</span> <span class='ocrx_word' id='word_1_4' title='bbox 492 442 700 526; x_wconf 85' lang='lat' dir='ltr'>proficerent,</span> <span class='ocrx_word' id='word_1_5' title='bbox 722 446 755 509; x_wconf 90' lang='lat' dir='ltr'>et</span> <span class='ocrx_word' id='word_1_6' title='bbox 770 448 906 528; x_wconf 88' lang='lat' dir='ltr'>peccata</span> <span class='ocrx_word' id='word_1_7' title='bbox 922 464 983 510; x_wconf 92' lang='lat' dir='ltr'>sua</span> <span class='ocrx_word' id='word_1_8' title='bbox 999 445 1223 513; x_wconf 79' lang='lat' dir='ltr'>emendarent.</span> 
     </span>
     <span class='ocr_line' id='line_1_2' title="bbox 260 549 1223 634; baseline 0.001 -17"><span class='ocrx_word' id='word_1_9' title='bbox 260 550 423 632; x_wconf 86' lang='lat' dir='ltr'>Ceterum,</span> <span class='ocrx_word' id='word_1_10' title='bbox 453 550 534 615; x_wconf 91' lang='lat' dir='ltr'>dum</span> <span class='ocrx_word' id='word_1_11' title='bbox 568 549 641 616; x_wconf 89' lang='lat' dir='ltr'>illos</span> <span class='ocrx_word' id='word_1_12' title='bbox 676 551 839 634; x_wconf 84' lang='lat' dir='ltr'>audiebat,</span> <span class='ocrx_word' id='word_1_13' title='bbox 867 553 968 617; x_wconf 88' lang='lat' dir='ltr'>modo</span> <span class='ocrx_word' id='word_1_14' title='bbox 996 552 1094 633; x_wconf 90' lang='lat' dir='ltr'>hunc,</span> <span class='ocrx_word' id='word_1_15' title='bbox 1122 555 1223 618; x_wconf 91' lang='lat' dir='ltr'>modo</span> 
     </span>
     <span class='ocr_line' id='line_1_3' title="bbox 258 657 1222 742; baseline 0.003 -20"><span class='ocrx_word' id='word_1_16' title='bbox 258 657 360 722; x_wconf 91' lang='lat' dir='ltr'>alium</span> <span class='ocrx_word' id='word_1_17' title='bbox 382 657 615 739; x_wconf 84' lang='lat' dir='ltr'>interrogabat,</span> <span class='ocrx_word' id='word_1_18' title='bbox 639 659 719 741; x_wconf 90' lang='lat' dir='ltr'>quid</span> <span class='ocrx_word' id='word_1_19' title='bbox 743 659 812 742; x_wconf 91' lang='lat' dir='ltr'>ipse</span> <span class='ocrx_word' id='word_1_20' title='bbox 835 659 1027 742; x_wconf 77' lang='lat' dir='ltr'>scripsisset,</span> <span class='ocrx_word' id='word_1_21' title='bbox 1051 661 1101 725; x_wconf 91' lang='lat' dir='ltr'>vel</span> <span class='ocrx_word' id='word_1_22' title='bbox 1121 661 1222 726; x_wconf 88' lang='lat' dir='ltr'>libros</span> 
     </span>
     <span class='ocr_line' id='line_1_4' title="bbox 258 765 1222 849; baseline 0.005 -21"><span class='ocrx_word' id='word_1_23' title='bbox 258 765 466 849; x_wconf 79' lang='lat' dir='ltr'>inspiciebat:</span> <span class='ocrx_word' id='word_1_24' title='bbox 491 766 657 832; x_wconf 87' lang='lat' dir='ltr'>interdum</span> <span class='ocrx_word' id='word_1_25' title='bbox 680 767 779 832; x_wconf 89' lang='lat' dir='ltr'>etiam</span> <span class='ocrx_word' id='word_1_26' title='bbox 794 767 895 832; x_wconf 89' lang='lat' dir='ltr'>veluti</span> <span class='ocrx_word' id='word_1_27' title='bbox 912 768 1047 832; x_wconf 90' lang='lat' dir='ltr'>consilia</span> <span class='ocrx_word' id='word_1_28' title='bbox 1064 787 1139 833; x_wconf 91' lang='lat' dir='ltr'>cum</span> <span class='ocrx_word' id='word_1_29' title='bbox 1155 769 1222 833; x_wconf 91' lang='lat' dir='ltr'>dis-</span> 
     </span>
     <span class='ocr_line' id='line_1_5' title="bbox 258 873 1223 959; baseline 0.003 -22"><span class='ocrx_word' id='word_1_30' title='bbox 258 873 373 956; x_wconf 90' lang='lat' dir='ltr'>cipulis</span> <span class='ocrx_word' id='word_1_31' title='bbox 397 873 510 955; x_wconf 85' lang='lat' dir='ltr'>inibat,</span> <span class='ocrx_word' id='word_1_32' title='bbox 535 875 576 938; x_wconf 89' lang='lat' dir='ltr'>de</span> <span class='ocrx_word' id='word_1_33' title='bbox 600 875 701 940; x_wconf 90' lang='lat' dir='ltr'>modo</span> <span class='ocrx_word' id='word_1_34' title='bbox 725 879 813 941; x_wconf 84' lang='lat' dir='ltr'>recte</span> <span class='ocrx_word' id='word_1_35' title='bbox 831 876 881 940; x_wconf 83' lang='lat' dir='ltr'>rel</span> <span class='ocrx_word' id='word_1_36' title='bbox 897 875 1129 959; x_wconf 86' lang='lat' dir='ltr'>exprimendae</span> <span class='ocrx_word' id='word_1_37' title='bbox 1146 896 1223 940; x_wconf 89' lang='lat' dir='ltr'>sen-</span> 
     </span>
     <span class='ocr_line' id='line_1_6' title="bbox 256 981 1225 1065; baseline 0.006 -19"><span class='ocrx_word' id='word_1_38' title='bbox 256 981 393 1062; x_wconf 88' lang='lat' dir='ltr'>tentiae,</span> <span class='ocrx_word' id='word_1_39' title='bbox 424 981 477 1047; x_wconf 87' lang='lat' dir='ltr'>vel</span> <span class='ocrx_word' id='word_1_40' title='bbox 504 982 615 1064; x_wconf 90' lang='lat' dir='ltr'>scripti</span> <span class='ocrx_word' id='word_1_41' title='bbox 643 983 854 1065; x_wconf 92' lang='lat' dir='ltr'>emendandi,</span> <span class='ocrx_word' id='word_1_42' title='bbox 878 987 913 1047; x_wconf 86' lang='lat' dir='ltr'>ut</span> <span class='ocrx_word' id='word_1_43' title='bbox 941 1003 1056 1048; x_wconf 86' lang='lat' dir='ltr'>omnes</span> <span class='ocrx_word' id='word_1_44' title='bbox 1080 987 1225 1052; x_wconf 88' lang='lat' dir='ltr'>acueret.</span> 
     </span>
     <span class='ocr_line' id='line_1_7' title="bbox 257 1087 1221 1174; baseline 0.003 -21"><span class='ocrx_word' id='word_1_45' title='bbox 257 1087 362 1171; x_wconf 89' lang='lat' dir='ltr'>Ipsius</span> <span class='ocrx_word' id='word_1_46' title='bbox 380 1089 485 1154; x_wconf 90' lang='lat' dir='ltr'>oratio</span> <span class='ocrx_word' id='word_1_47' title='bbox 501 1109 585 1173; x_wconf 93' lang='lat' dir='ltr'>pura</span> <span class='ocrx_word' id='word_1_48' title='bbox 601 1094 661 1171; x_wconf 87' lang='lat' dir='ltr'>est,</span> <span class='ocrx_word' id='word_1_49' title='bbox 679 1090 821 1170; x_wconf 84' lang='lat' dir='ltr'>elegans,</span> <span class='ocrx_word' id='word_1_50' title='bbox 839 1091 1011 1174; x_wconf 90' lang='lat' dir='ltr'>perspicua</span> <span class='ocrx_word' id='word_1_51' title='bbox 1026 1095 1058 1156; x_wconf 92' lang='lat' dir='ltr'>et</span> <span class='ocrx_word' id='word_1_52' title='bbox 1073 1095 1221 1174; x_wconf 87' lang='lat' dir='ltr'>venusta,</span> 
     </span>
     <span class='ocr_line' id='line_1_8' title="bbox 258 1197 1221 1278; baseline 0.002 -17"><span class='ocrx_word' id='word_1_53' title='bbox 258 1197 358 1262; x_wconf 89' lang='lat' dir='ltr'>etiam</span> <span class='ocrx_word' id='word_1_54' title='bbox 382 1216 457 1263; x_wconf 91' lang='lat' dir='ltr'>cum</span> <span class='ocrx_word' id='word_1_55' title='bbox 481 1197 688 1264; x_wconf 88' lang='lat' dir='ltr'>tenuissimas</span> <span class='ocrx_word' id='word_1_56' title='bbox 711 1218 774 1278; x_wconf 87' lang='lat' dir='ltr'>res,</span> <span class='ocrx_word' id='word_1_57' title='bbox 799 1202 835 1262; x_wconf 87' lang='lat' dir='ltr'>ut</span> <span class='ocrx_word' id='word_1_58' title='bbox 858 1199 1086 1278; x_wconf 83' lang='lat' dir='ltr'>grammaticas</span> <span class='ocrx_word' id='word_1_59' title='bbox 1110 1202 1143 1263; x_wconf 88' lang='lat' dir='ltr'>et</span> <span class='ocrx_word' id='word_1_60' title='bbox 1160 1199 1221 1263; x_wconf 94' lang='lat' dir='ltr'>cri-</span> 
     </span>
     <span class='ocr_line' id='line_1_9' title="bbox 258 1304 1222 1388; baseline 0.002 -20"><span class='ocrx_word' id='word_1_61' title='bbox 258 1304 350 1385; x_wconf 78' lang='lat' dir='ltr'>ticaS,</span> <span class='ocrx_word' id='word_1_62' title='bbox 386 1309 520 1372; x_wconf 86' lang='lat' dir='ltr'>tractat:</span> <span class='ocrx_word' id='word_1_63' title='bbox 555 1305 589 1370; x_wconf 90' lang='lat' dir='ltr'>in</span> <span class='ocrx_word' id='word_1_64' title='bbox 619 1306 742 1388; x_wconf 88' lang='lat' dir='ltr'>ceteris,</span> <span class='ocrx_word' id='word_1_65' title='bbox 774 1325 860 1388; x_wconf 89' lang='lat' dir='ltr'>quae</span> <span class='ocrx_word' id='word_1_66' title='bbox 891 1307 1033 1388; x_wconf 89' lang='lat' dir='ltr'>aliquem</span> <span class='ocrx_word' id='word_1_67' title='bbox 1067 1309 1222 1371; x_wconf 86' lang='lat' dir='ltr'>ornatum</span> 
     </span>
     <span class='ocr_line' id='line_1_10' title="bbox 262 1412 1221 1496; baseline 0 -19"><span class='ocrx_word' id='word_1_68' title='bbox 262 1413 409 1496; x_wconf 87' lang='lat' dir='ltr'>capiunt,</span> <span class='ocrx_word' id='word_1_69' title='bbox 435 1414 550 1480; x_wconf 89' lang='lat' dir='ltr'>crebra</span> <span class='ocrx_word' id='word_1_70' title='bbox 573 1413 743 1479; x_wconf 85' lang='lat' dir='ltr'>sententiis</span> <span class='ocrx_word' id='word_1_71' title='bbox 782 1413 900 1492; x_wconf 90' lang='lat' dir='ltr'>acutis,</span> <span class='ocrx_word' id='word_1_72' title='bbox 925 1412 1017 1477; x_wconf 88' lang='lat' dir='ltr'>novis</span> <span class='ocrx_word' id='word_1_73' title='bbox 1041 1417 1086 1492; x_wconf 86' lang='lat' dir='ltr'>et,</span> <span class='ocrx_word' id='word_1_74' title='bbox 1110 1417 1221 1477; x_wconf 86' lang='lat' dir='ltr'>utres</span> 
     </span>
     <span class='ocr_line' id='line_1_11' title="bbox 258 1521 1221 1604; baseline -0.001 -19"><span class='ocrx_word' id='word_1_75' title='bbox 258 1523 350 1602; x_wconf 86' lang='lat' dir='ltr'>sunt,</span> <span class='ocrx_word' id='word_1_76' title='bbox 390 1521 442 1586; x_wconf 89' lang='lat' dir='ltr'>vel</span> <span class='ocrx_word' id='word_1_77' title='bbox 478 1521 646 1604; x_wconf 78' lang='lat' dir='ltr'>gravibuS,</span> <span class='ocrx_word' id='word_1_78' title='bbox 681 1521 729 1585; x_wconf 86' lang='lat' dir='ltr'>vel</span> <span class='ocrx_word' id='word_1_79' title='bbox 759 1521 928 1601; x_wconf 89' lang='lat' dir='ltr'>suavibus,</span> <span class='ocrx_word' id='word_1_80' title='bbox 963 1521 1121 1604; x_wconf 88' lang='lat' dir='ltr'>adspersa</span> <span class='ocrx_word' id='word_1_81' title='bbox 1150 1540 1221 1585; x_wconf 86' lang='lat' dir='ltr'>ver·</span> 
     </span>
     <span class='ocr_line' id='line_1_12' title="bbox 258 1627 1221 1710; baseline -0.001 -18"><span class='ocrx_word' id='word_1_82' title='bbox 258 1629 377 1693; x_wconf 87' lang='lat' dir='ltr'>borum</span> <span class='ocrx_word' id='word_1_83' title='bbox 393 1629 540 1709; x_wconf 82' lang='lat' dir='ltr'>floribus,</span> <span class='ocrx_word' id='word_1_84' title='bbox 557 1647 624 1692; x_wconf 93' lang='lat' dir='ltr'>non</span> <span class='ocrx_word' id='word_1_85' title='bbox 641 1628 785 1710; x_wconf 85' lang='lat' dir='ltr'>oppleta,</span> <span class='ocrx_word' id='word_1_86' title='bbox 809 1628 926 1692; x_wconf 87' lang='lat' dir='ltr'>leniter</span> <span class='ocrx_word' id='word_1_87' title='bbox 940 1628 1119 1710; x_wconf 78' lang='lat' dir='ltr'>profluam,</span> <span class='ocrx_word' id='word_1_88' title='bbox 1135 1627 1221 1691; x_wconf 91' lang='lat' dir='ltr'>bene</span> 
     </span>
     <span class='ocr_line' id='line_1_13' title="bbox 258 1732 1221 1810; baseline -0.001 -13"><span class='ocrx_word' id='word_1_89' title='bbox 258 1733 367 1800; x_wconf 89' lang='lat' dir='ltr'>vincta</span> <span class='ocrx_word' id='word_1_90' title='bbox 390 1738 422 1799; x_wconf 89' lang='lat' dir='ltr'>et</span> <span class='ocrx_word' id='word_1_91' title='bbox 444 1734 598 1800; x_wconf 90' lang='lat' dir='ltr'>omnibus</span> <span class='ocrx_word' id='word_1_92' title='bbox 623 1733 663 1798; x_wconf 90' lang='lat' dir='ltr'>de</span> <span class='ocrx_word' id='word_1_93' title='bbox 687 1733 794 1798; x_wconf 91' lang='lat' dir='ltr'>causis</span> <span class='ocrx_word' id='word_1_94' title='bbox 818 1735 899 1798; x_wconf 95' lang='lat' dir='ltr'>mire</span> <span class='ocrx_word' id='word_1_95' title='bbox 924 1733 1037 1798; x_wconf 91' lang='lat' dir='ltr'>dulcis.</span> <span class='ocrx_word' id='word_1_96' title='bbox 1073 1732 1161 1810; x_wconf 88' lang='lat' dir='ltr'>Quas</span> <span class='ocrx_word' id='word_1_97' title='bbox 1178 1733 1221 1796; x_wconf 90' lang='lat' dir='ltr'>ob</span> 
     </span>
     <span class='ocr_line' id='line_1_14' title="bbox 258 1840 1222 1924; baseline 0.002 -20"><span class='ocrx_word' id='word_1_98' title='bbox 258 1841 405 1922; x_wconf 67' lang='lat' dir='ltr'>virtutes</span> <span class='ocrx_word' id='word_1_99' title='bbox 428 1841 585 1924; x_wconf 89' lang='lat' dir='ltr'>quicquid</span> <span class='ocrx_word' id='word_1_100' title='bbox 607 1840 793 1923; x_wconf 89' lang='lat' dir='ltr'>scripserat,</span> <span class='ocrx_word' id='word_1_101' title='bbox 818 1840 1025 1923; x_wconf 89' lang='lat' dir='ltr'>cupidissime</span> <span class='ocrx_word' id='word_1_102' title='bbox 1042 1841 1222 1921; x_wconf 83' lang='lat' dir='ltr'>legebatur.</span> 
     </span>
     <span class='ocr_line' id='line_1_15' title="bbox 259 1948 1222 2031; baseline 0 -18"><span class='ocrx_word' id='word_1_103' title='bbox 259 1949 436 2031; x_wconf 89' lang='lat' dir='ltr'>Nunquam</span> <span class='ocrx_word' id='word_1_104' title='bbox 459 1949 578 2030; x_wconf 90' lang='lat' dir='ltr'>deerat,</span> <span class='ocrx_word' id='word_1_105' title='bbox 603 1949 694 2030; x_wconf 93' lang='lat' dir='ltr'>quod</span> <span class='ocrx_word' id='word_1_106' title='bbox 718 1948 839 2013; x_wconf 90' lang='lat' dir='ltr'>diceret</span> <span class='ocrx_word' id='word_1_107' title='bbox 862 1951 938 2031; x_wconf 90' lang='lat' dir='ltr'>apte</span> <span class='ocrx_word' id='word_1_108' title='bbox 961 1949 1005 2012; x_wconf 92' lang='lat' dir='ltr'>ad</span> <span class='ocrx_word' id='word_1_109' title='bbox 1021 1967 1165 2030; x_wconf 87' lang='lat' dir='ltr'>causam,</span> <span class='ocrx_word' id='word_1_110' title='bbox 1189 1953 1222 2013; x_wconf 90' lang='lat' dir='ltr'>et</span> 
     </span>
     <span class='ocr_line' id='line_1_16' title="bbox 259 2055 1221 2139; baseline -0.001 -18"><span class='ocrx_word' id='word_1_111' title='bbox 259 2057 302 2121; x_wconf 89' lang='lat' dir='ltr'>ad</span> <span class='ocrx_word' id='word_1_112' title='bbox 325 2075 496 2139; x_wconf 86' lang='lat' dir='ltr'>personas.</span> <span class='ocrx_word' id='word_1_113' title='bbox 528 2055 622 2138; x_wconf 90' lang='lat' dir='ltr'>Ipsae</span> <span class='ocrx_word' id='word_1_114' title='bbox 646 2055 721 2120; x_wconf 90' lang='lat' dir='ltr'>illae</span> <span class='ocrx_word' id='word_1_115' title='bbox 744 2055 1023 2139; x_wconf 84' lang='lat' dir='ltr'>praefatiunculae</span> <span class='ocrx_word' id='word_1_116' title='bbox 1050 2058 1164 2121; x_wconf 89' lang='lat' dir='ltr'>breves</span> <span class='ocrx_word' id='word_1_117' title='bbox 1187 2056 1221 2121; x_wconf 94' lang='lat' dir='ltr'>in</span> 
     </span>
     <span class='ocr_line' id='line_1_17' title="bbox 259 2162 1222 2246; baseline -0.001 -18"><span class='ocrx_word' id='word_1_118' title='bbox 259 2163 363 2246; x_wconf 90' lang='lat' dir='ltr'>capite</span> <span class='ocrx_word' id='word_1_119' title='bbox 385 2163 605 2244; x_wconf 89' lang='lat' dir='ltr'>Tabularum,</span> <span class='ocrx_word' id='word_1_120' title='bbox 633 2182 718 2244; x_wconf 90' lang='lat' dir='ltr'>quae</span> <span class='ocrx_word' id='word_1_121' title='bbox 741 2162 896 2227; x_wconf 88' lang='lat' dir='ltr'>lectiones</span> <span class='ocrx_word' id='word_1_122' title='bbox 919 2163 1149 2227; x_wconf 83' lang='lat' dir='ltr'>Professorum</span> <span class='ocrx_word' id='word_1_123' title='bbox 1172 2164 1222 2228; x_wconf 88' lang='lat' dir='ltr'>in·</span> 
     </span>
     <span class='ocr_line' id='line_1_18' title="bbox 259 2271 1222 2355; baseline 0.002 -19"><span class='ocrx_word' id='word_1_124' title='bbox 259 2272 416 2354; x_wconf 90' lang='lat' dir='ltr'>dicarent,</span> <span class='ocrx_word' id='word_1_125' title='bbox 440 2293 570 2355; x_wconf 83' lang='lat' dir='ltr'>semper</span> <span class='ocrx_word' id='word_1_126' title='bbox 592 2272 736 2355; x_wconf 92' lang='lat' dir='ltr'>aliquam</span> <span class='ocrx_word' id='word_1_127' title='bbox 759 2271 881 2335; x_wconf 90' lang='lat' dir='ltr'>bonam</span> <span class='ocrx_word' id='word_1_128' title='bbox 905 2275 937 2336; x_wconf 92' lang='lat' dir='ltr'>et</span> <span class='ocrx_word' id='word_1_129' title='bbox 960 2291 1027 2336; x_wconf 88' lang='lat' dir='ltr'>non</span> <span class='ocrx_word' id='word_1_130' title='bbox 1053 2273 1222 2355; x_wconf 83' lang='lat' dir='ltr'>vulgarem</span> 
     </span>
     <span class='ocr_line' id='line_1_19' title="bbox 259 2377 1221 2460; baseline 0.001 -16"><span class='ocrx_word' id='word_1_131' title='bbox 259 2379 457 2444; x_wconf 87' lang='lat' dir='ltr'>sententiam</span> <span class='ocrx_word' id='word_1_132' title='bbox 490 2378 669 2460; x_wconf 90' lang='lat' dir='ltr'>habebant,</span> <span class='ocrx_word' id='word_1_133' title='bbox 705 2380 763 2442; x_wconf 91' lang='lat' dir='ltr'>aut</span> <span class='ocrx_word' id='word_1_134' title='bbox 797 2377 824 2440; x_wconf 89' lang='lat' dir='ltr'>si</span> <span class='ocrx_word' id='word_1_135' title='bbox 858 2379 955 2458; x_wconf 90' lang='lat' dir='ltr'>hanc,</span> <span class='ocrx_word' id='word_1_136' title='bbox 990 2383 1100 2442; x_wconf 81' lang='lat' dir='ltr'>tamen</span> <span class='ocrx_word' id='word_1_137' title='bbox 1136 2400 1221 2445; x_wconf 88' lang='lat' dir='ltr'>novo</span> 
     </span>
    </p>
   </div>
   <div class='ocr_carea' id='block_1_2' title="bbox 141 2471 1222 2582">
    <p class='ocr_par' dir='ltr' id='par_1_2' title="bbox 141 2471 1222 2582">
     <span class='ocr_line' id='line_1_20' title="bbox 141 2471 1222 2582; baseline -0.005 -25"><span class='ocrx_word' id='word_1_138' title='bbox 141 2471 183 2557; x_wconf 73' lang='lat'>‘.,.</span> <span class='ocrx_word' id='word_1_139' title='bbox 259 2487 358 2552; x_wconf 87' lang='lat' dir='ltr'>modo</span> <span class='ocrx_word' id='word_1_140' title='bbox 373 2488 559 2567; x_wconf 78' lang='lat' dir='ltr'>tractatam,</span> <span class='ocrx_word' id='word_1_141' title='bbox 584 2489 616 2550; x_wconf 88' lang='lat' dir='ltr'>et</span> <span class='ocrx_word' id='word_1_142' title='bbox 630 2485 718 2550; x_wconf 91' lang='lat' dir='ltr'>hanc</span> <span class='ocrx_word' id='word_1_143' title='bbox 737 2484 780 2582; x_wconf 61' lang='lat' dir='ltr'>ab</span> <span class='ocrx_word' id='word_1_144' title='bbox 799 2504 930 2550; x_wconf 87' lang='lat' dir='ltr'>causam</span> <span class='ocrx_word' id='word_1_145' title='bbox 946 2487 1113 2551; x_wconf 88' lang='lat' dir='ltr'>suavitatis</span> <span class='ocrx_word' id='word_1_146' title='bbox 1130 2507 1222 2552; x_wconf 93' lang='lat' dir='ltr'>com-</span> 
     </span>
    </p>
   </div>
   <div class='ocr_carea' id='block_1_3' title="bbox 203 2593 1221 2660">
    <p class='ocr_par' dir='ltr' id='par_1_3' title="bbox 203 2593 1221 2660">
     <span class='ocr_line' id='line_1_21' title="bbox 203 2593 1221 2660; baseline 0 0"><span class='ocrx_word' id='word_1_147' title='bbox 203 2641 204 2645; x_wconf 46' lang='lat'><em>=</em></span> <span class='ocrx_word' id='word_1_148' title='bbox 259 2594 514 2660; x_wconf 81' lang='lat' dir='ltr'>mandationem.</span> <span class='ocrx_word' id='word_1_149' title='bbox 568 2593 740 2658; x_wconf 88' lang='lat' dir='ltr'>Mirificum</span> <span class='ocrx_word' id='word_1_150' title='bbox 774 2593 947 2658; x_wconf 86' lang='lat' dir='ltr'>artificium</span> <span class='ocrx_word' id='word_1_151' title='bbox 978 2597 1048 2658; x_wconf 89' lang='lat' dir='ltr'>erat</span> <span class='ocrx_word' id='word_1_152' title='bbox 1077 2594 1110 2658; x_wconf 93' lang='lat' dir='ltr'>in</span> <span class='ocrx_word' id='word_1_153' title='bbox 1139 2595 1221 2660; x_wconf 89' lang='lat' dir='ltr'>ima-</span> 
     </span>
    </p>
   </div>
   <div class='ocr_carea' id='block_1_4' title="bbox 260 2700 1261 3432">
    <p class='ocr_par' dir='ltr' id='par_1_4' title="bbox 260 2700 1261 3432">
     <span class='ocr_line' id='line_1_22' title="bbox 260 2700 1222 2786; baseline 0.001 -20"><span class='ocrx_word' id='word_1_154' title='bbox 260 2702 389 2786; x_wconf 89' lang='lat' dir='ltr'>ginibus</span> <span class='ocrx_word' id='word_1_155' title='bbox 424 2719 644 2784; x_wconf 90' lang='lat' dir='ltr'>personarum</span> <span class='ocrx_word' id='word_1_156' title='bbox 678 2700 861 2783; x_wconf 84' lang='lat' dir='ltr'>pingendis,</span> <span class='ocrx_word' id='word_1_157' title='bbox 900 2701 934 2765; x_wconf 90' lang='lat' dir='ltr'>in</span> <span class='ocrx_word' id='word_1_158' title='bbox 969 2701 1088 2783; x_wconf 91' lang='lat' dir='ltr'>quibus</span> <span class='ocrx_word' id='word_1_159' title='bbox 1123 2703 1222 2768; x_wconf 88' lang='lat' dir='ltr'>etiam</span> 
     </span>
     <span class='ocr_line' id='line_1_23' title="bbox 260 2809 1222 2894; baseline 0.001 -19"><span class='ocrx_word' id='word_1_160' title='bbox 260 2810 471 2893; x_wconf 85' lang='lat' dir='ltr'>pulcritudini</span> <span class='ocrx_word' id='word_1_161' title='bbox 494 2810 637 2892; x_wconf 89' lang='lat' dir='ltr'>reliquae</span> <span class='ocrx_word' id='word_1_162' title='bbox 660 2809 833 2892; x_wconf 87' lang='lat' dir='ltr'>adspersas</span> <span class='ocrx_word' id='word_1_163' title='bbox 857 2809 1021 2874; x_wconf 90' lang='lat' dir='ltr'>labeculas</span> <span class='ocrx_word' id='word_1_164' title='bbox 1044 2811 1089 2874; x_wconf 90' lang='lat' dir='ltr'>ita</span> <span class='ocrx_word' id='word_1_165' title='bbox 1114 2813 1222 2894; x_wconf 86' lang='lat' dir='ltr'>expri-</span> 
     </span>
     <span class='ocr_line' id='line_1_24' title="bbox 260 2918 1252 3001; baseline -0.006 -19"><span class='ocrx_word' id='word_1_166' title='bbox 260 2921 383 3001; x_wconf 90' lang='lat' dir='ltr'>mebat,</span> <span class='ocrx_word' id='word_1_167' title='bbox 410 2921 445 2983; x_wconf 92' lang='lat' dir='ltr'>ut</span> <span class='ocrx_word' id='word_1_168' title='bbox 461 2919 597 2983; x_wconf 90' lang='lat' dir='ltr'>lectores</span> <span class='ocrx_word' id='word_1_169' title='bbox 613 2918 740 2982; x_wconf 88' lang='lat' dir='ltr'>alienos</span> <span class='ocrx_word' id='word_1_170' title='bbox 761 2938 829 2983; x_wconf 89' lang='lat' dir='ltr'>non</span> <span class='ocrx_word' id='word_1_171' title='bbox 844 2937 950 2999; x_wconf 77' lang='lat' dir='ltr'>secuS,</span> <span class='ocrx_word' id='word_1_172' title='bbox 967 2922 1065 3001; x_wconf 86' lang='lat' dir='ltr'>atque</span> <span class='ocrx_word' id='word_1_173' title='bbox 1081 2919 1222 2983; x_wconf 84' lang='lat' dir='ltr'>Ennium</span> <span class='ocrx_word' id='word_1_174' title='bbox 1250 2973 1252 2976; x_wconf 84' lang='lat'>.</span> 
     </span>
     <span class='ocr_line' id='line_1_25' title="bbox 260 3017 1261 3118; baseline 0.002 -28"><span class='ocrx_word' id='word_1_175' title='bbox 260 3043 382 3090; x_wconf 88' lang='lat' dir='ltr'>naevus</span> <span class='ocrx_word' id='word_1_176' title='bbox 420 3025 454 3118; x_wconf 85' lang='lat' dir='ltr'>in</span> <span class='ocrx_word' id='word_1_177' title='bbox 492 3026 585 3109; x_wconf 91' lang='lat' dir='ltr'>pueri</span> <span class='ocrx_word' id='word_1_178' title='bbox 619 3025 686 3090; x_wconf 91' lang='lat' dir='ltr'>cari</span> <span class='ocrx_word' id='word_1_179' title='bbox 719 3017 871 3107; x_wconf 83' lang='lat' dir='ltr'>articula,</span> <span class='ocrx_word' id='word_1_180' title='bbox 913 3026 1125 3108; x_wconf 85' lang='lat' dir='ltr'>delectarent,</span> <span class='ocrx_word' id='word_1_181' title='bbox 1154 3032 1222 3092; x_wconf 77' lang='lat' dir='ltr'>&#39;nec</span> <span class='ocrx_word' id='word_1_182' title='bbox 1260 3039 1261 3042; x_wconf 75' lang='grc'>’</span> 
     </span>
     <span class='ocr_line' id='line_1_26' title="bbox 261 3123 1252 3222; baseline 0.001 -25"><span class='ocrx_word' id='word_1_183' title='bbox 261 3123 466 3198; x_wconf 78' lang='lat' dir='ltr'>offenderent</span> <span class='ocrx_word' id='word_1_184' title='bbox 489 3137 656 3216; x_wconf 79' lang='lat' dir='ltr'>cognatos.</span> <span class='ocrx_word' id='word_1_185' title='bbox 702 3133 756 3197; x_wconf 89' lang='lat' dir='ltr'>An</span> <span class='ocrx_word' id='word_1_186' title='bbox 780 3137 890 3198; x_wconf 84' lang='lat' dir='ltr'>orator</span> <span class='ocrx_word' id='word_1_187' title='bbox 924 3134 1087 3216; x_wconf 87' lang='lat' dir='ltr'>perfectus</span> <span class='ocrx_word' id='word_1_188' title='bbox 1115 3135 1222 3214; x_wconf 85' lang='lat' dir='ltr'>suerit,</span> <span class='ocrx_word' id='word_1_189' title='bbox 1249 3145 1252 3222; x_wconf 58' lang='grc' dir='ltr'>ᾗ</span> 
     </span>
     <span class='ocr_line' id='line_1_27' title="bbox 260 3239 1221 3324; baseline 0.001 -20"><span class='ocrx_word' id='word_1_190' title='bbox 260 3239 394 3324; x_wconf 91' lang='lat' dir='ltr'>qualem</span> <span class='ocrx_word' id='word_1_191' title='bbox 418 3240 531 3307; x_wconf 89' lang='lat' dir='ltr'>Cicero</span> <span class='ocrx_word' id='word_1_192' title='bbox 555 3240 658 3324; x_wconf 82' lang='lat' dir='ltr'>fingit,</span> <span class='ocrx_word' id='word_1_193' title='bbox 682 3241 826 3305; x_wconf 90' lang='lat' dir='ltr'>alienum</span> <span class='ocrx_word' id='word_1_194' title='bbox 849 3241 891 3305; x_wconf 90' lang='lat' dir='ltr'>sit</span> <span class='ocrx_word' id='word_1_195' title='bbox 913 3260 1082 3323; x_wconf 86' lang='lat' dir='ltr'>quaerere,</span> <span class='ocrx_word' id='word_1_196' title='bbox 1107 3242 1221 3306; x_wconf 90' lang='lat' dir='ltr'>autin</span> 
     </span>
     <span class='ocr_line' id='line_1_28' title="bbox 260 3348 1221 3432; baseline 0.001 -19"><span class='ocrx_word' id='word_1_197' title='bbox 260 3349 414 3414; x_wconf 87' lang='lat' dir='ltr'>utramvis</span> <span class='ocrx_word' id='word_1_198' title='bbox 438 3351 566 3431; x_wconf 88' lang='lat' dir='ltr'>partem</span> <span class='ocrx_word' id='word_1_199' title='bbox 589 3348 817 3430; x_wconf 88' lang='lat' dir='ltr'>pronunciare.</span> <span class='ocrx_word' id='word_1_200' title='bbox 865 3349 898 3414; x_wconf 89' lang='lat' dir='ltr'>Si</span> <span class='ocrx_word' id='word_1_201' title='bbox 921 3349 1084 3432; x_wconf 86' lang='lat' dir='ltr'>perfectus</span> <span class='ocrx_word' id='word_1_202' title='bbox 1109 3353 1221 3414; x_wconf 89' lang='lat' dir='ltr'>orator</span> 
     </span>
    </p>
   </div>
   <div class='ocr_carea' id='block_1_5' title="bbox 661 3596 823 3648">
    <p class='ocr_par' dir='ltr' id='par_1_5' title="bbox 661 3596 823 3648">
     <span class='ocr_line' id='line_1_29' title="bbox 661 3596 823 3648; baseline 0 -14"><span class='ocrx_word' id='word_1_203' title='bbox 661 3596 823 3648; x_wconf 65' lang='lat'>..34-</span> 
     </span>
    </p>
   </div>
   <div class='ocr_carea' id='block_1_6' title="bbox 0 0 1432 4152">
    <p class='ocr_par' dir='ltr' id='par_1_6' title="bbox 0 0 1432 4152">
     <span class='ocr_line' id='line_1_30' title="bbox 0 0 1432 4152; baseline 0 0"><span class='ocrx_word' id='word_1_204' title='bbox 0 0 1432 4152; x_wconf 95' lang='lat' dir='ltr'> </span> 
     </span>
    </p>
   </div>
  </div>
 </body>
</html>
