<?xml version="1.0" encoding="UTF-8"?>
<!DOCTYPE html PUBLIC "-//W3C//DTD XHTML 1.0 Transitional//EN"
    "http://www.w3.org/TR/xhtml1/DTD/xhtml1-transitional.dtd">
<html xmlns="http://www.w3.org/1999/xhtml" xml:lang="en" lang="en">
 <head>
  <title>
</title>
<meta http-equiv="Content-Type" content="text/html;charset=utf-8" />
  <meta name='ocr-system' content='tesseract 3.04.00' />
  <meta name='ocr-capabilities' content='ocr_page ocr_carea ocr_par ocr_line ocrx_word'/>
</head>
<body>
  <div class='ocr_page' id='page_1' title='image "./narratiodejomat00ernegoog_0064.png"; bbox 0 0 2852 4152; ppageno 0'>
   <div class='ocr_carea' id='block_1_1' title="bbox 220 537 1212 626">
    <p class='ocr_par' dir='ltr' id='par_1_1' title="bbox 220 537 1212 626">
     <span class='ocr_line' id='line_1_1' title="bbox 220 537 1212 626; baseline -0.005 -17"><span class='ocrx_word' id='word_1_1' title='bbox 220 543 300 610; x_wconf 87' lang='lat' dir='ltr'>satis</span> <span class='ocrx_word' id='word_1_2' title='bbox 335 542 482 626; x_wconf 78' lang='lat' dir='ltr'><strong>sciebam,</strong></span> <span class='ocrx_word' id='word_1_3' title='bbox 518 562 614 609; x_wconf 91' lang='lat' dir='ltr'>uuum</span> <span class='ocrx_word' id='word_1_4' title='bbox 649 561 690 607; x_wconf 87' lang='lat' dir='ltr'>ex</span> <span class='ocrx_word' id='word_1_5' title='bbox 725 539 795 608; x_wconf 88' lang='lat' dir='ltr'>istis</span> <span class='ocrx_word' id='word_1_6' title='bbox 830 538 947 606; x_wconf 90' lang='lat' dir='ltr'>homini</span> <span class='ocrx_word' id='word_1_7' title='bbox 975 537 1098 605; x_wconf 90' lang='lat' dir='ltr'>cuidam</span> <span class='ocrx_word' id='word_1_8' title='bbox 1129 541 1212 612; x_wconf 54' lang='lat' dir='ltr'>ob·x</span> 
     </span>
    </p>
   </div>
   <div class='ocr_carea' id='block_1_2' title="bbox 61 646 1183 730">
    <p class='ocr_par' dir='ltr' id='par_1_2' title="bbox 61 646 1183 730">
     <span class='ocr_line' id='line_1_2' title="bbox 61 646 1183 730; baseline -0.003 -15"><span class='ocrx_word' id='word_1_9' title='bbox 61 670 65 697; x_wconf 87' lang='lat'><em>=</em></span> <span class='ocrx_word' id='word_1_10' title='bbox 142 707 145 714; x_wconf 29' lang='lat'><strong>⁴</strong></span> <span class='ocrx_word' id='word_1_11' title='bbox 220 669 312 715; x_wconf 89' lang='lat' dir='ltr'>scuro</span> <span class='ocrx_word' id='word_1_12' title='bbox 341 653 375 714; x_wconf 94' lang='lat' dir='ltr'>et</span> <span class='ocrx_word' id='word_1_13' title='bbox 402 649 558 730; x_wconf 86' lang='lat' dir='ltr'>famelico,</span> <span class='ocrx_word' id='word_1_14' title='bbox 588 648 642 730; x_wconf 90' lang='lat' dir='ltr'>qui</span> <span class='ocrx_word' id='word_1_15' title='bbox 669 647 842 713; x_wconf 79' lang='lat' dir='ltr'>redemtori</span> <span class='ocrx_word' id='word_1_16' title='bbox 869 646 1061 728; x_wconf 90' lang='lat' dir='ltr'>scriptorum</span> <span class='ocrx_word' id='word_1_17' title='bbox 1086 647 1183 713; x_wconf 90' lang='lat' dir='ltr'>rusti·</span> 
     </span>
    </p>
   </div>
   <div class='ocr_carea' id='block_1_3' title="bbox 184 753 1237 3522">
    <p class='ocr_par' dir='ltr' id='par_1_3' title="bbox 184 753 1237 3522">
     <span class='ocr_line' id='line_1_3' title="bbox 184 753 1184 838; baseline -0.001 -18"><span class='ocrx_word' id='word_1_18' title='bbox 184 809 185 812; x_wconf 63' lang='lat'>,</span> <span class='ocrx_word' id='word_1_19' title='bbox 220 775 337 836; x_wconf 88' lang='lat' dir='ltr'>corum,</span> <span class='ocrx_word' id='word_1_20' title='bbox 373 755 480 822; x_wconf 89' lang='lat' dir='ltr'>nescio</span> <span class='ocrx_word' id='word_1_21' title='bbox 516 775 579 836; x_wconf 87' lang='lat' dir='ltr'>qna</span> <span class='ocrx_word' id='word_1_22' title='bbox 614 755 654 820; x_wconf 89' lang='lat' dir='ltr'>de</span> <span class='ocrx_word' id='word_1_23' title='bbox 689 774 800 836; x_wconf 86' lang='lat' dir='ltr'>causa,</span> <span class='ocrx_word' id='word_1_24' title='bbox 830 753 933 821; x_wconf 86' lang='lat' dir='ltr'>iratus</span> <span class='ocrx_word' id='word_1_25' title='bbox 960 755 1118 838; x_wconf 89' lang='lat' dir='ltr'>jactarat‚</span> <span class='ocrx_word' id='word_1_26' title='bbox 1149 775 1184 820; x_wconf 89' lang='lat' dir='ltr'>se</span> 
     </span>
     <span class='ocr_line' id='line_1_4' title="bbox 219 861 1184 946; baseline 0 -20"><span class='ocrx_word' id='word_1_27' title='bbox 219 861 252 926; x_wconf 91' lang='lat' dir='ltr'>in</span> <span class='ocrx_word' id='word_1_28' title='bbox 276 863 472 946; x_wconf 80' lang='lat' dir='ltr'>corrigendis</span> <span class='ocrx_word' id='word_1_29' title='bbox 500 863 723 946; x_wconf 71' lang='lat' dir='ltr'>speciminibus</span> <span class='ocrx_word' id='word_1_30' title='bbox 751 861 993 946; x_wconf 70' lang='lat' dir='ltr'>typographicis</span> <span class='ocrx_word' id='word_1_31' title='bbox 1016 861 1184 927; x_wconf 77' lang='lat' dir='ltr'>sustulisse</span> 
     </span>
     <span class='ocr_line' id='line_1_5' title="bbox 221 969 1183 1053; baseline 0 -20"><span class='ocrx_word' id='word_1_32' title='bbox 221 969 321 1034; x_wconf 93' lang='lat' dir='ltr'>multa</span> <span class='ocrx_word' id='word_1_33' title='bbox 348 975 482 1053; x_wconf 85' lang='lat' dir='ltr'>peccata</span> <span class='ocrx_word' id='word_1_34' title='bbox 511 970 722 1052; x_wconf 90' lang='lat' dir='ltr'>grammatica</span> <span class='ocrx_word' id='word_1_35' title='bbox 752 975 914 1051; x_wconf 87' lang='lat' dir='ltr'>notarum,</span> <span class='ocrx_word' id='word_1_36' title='bbox 947 969 976 1034; x_wconf 91' lang='lat' dir='ltr'>ei</span> <span class='ocrx_word' id='word_1_37' title='bbox 1003 969 1103 1051; x_wconf 88' lang='lat' dir='ltr'>igitur</span> <span class='ocrx_word' id='word_1_38' title='bbox 1130 988 1183 1050; x_wconf 88' lang='lat' dir='ltr'>pe·</span> 
     </span>
     <span class='ocr_line' id='line_1_6' title="bbox 222 1061 1185 1159; baseline 0 -19"><span class='ocrx_word' id='word_1_39' title='bbox 222 1075 346 1146; x_wconf 88' lang='lat' dir='ltr'>cuniam</span> <span class='ocrx_word' id='word_1_40' title='bbox 380 1061 548 1158; x_wconf 79' lang='lat' dir='ltr'>obtrdisse,</span> <span class='ocrx_word' id='word_1_41' title='bbox 584 1082 621 1142; x_wconf 94' lang='lat' dir='ltr'>ut</span> <span class='ocrx_word' id='word_1_42' title='bbox 655 1096 694 1142; x_wconf 92' lang='lat' dir='ltr'>ea</span> <span class='ocrx_word' id='word_1_43' title='bbox 728 1077 847 1159; x_wconf 88' lang='lat' dir='ltr'>scripto</span> <span class='ocrx_word' id='word_1_44' title='bbox 880 1077 1038 1158; x_wconf 79' lang='lat' dir='ltr'>vrdgaret.</span> <span class='ocrx_word' id='word_1_45' title='bbox 1091 1077 1185 1141; x_wconf 89' lang='lat' dir='ltr'>Haec</span> 
     </span>
     <span class='ocr_line' id='line_1_7' title="bbox 222 1184 1185 1268; baseline 0 -21"><span class='ocrx_word' id='word_1_46' title='bbox 222 1188 396 1264; x_wconf 89' lang='lat' dir='ltr'>propterea</span> <span class='ocrx_word' id='word_1_47' title='bbox 419 1185 542 1266; x_wconf 85' lang='lat' dir='ltr'>scripsi,</span> <span class='ocrx_word' id='word_1_48' title='bbox 567 1190 604 1250; x_wconf 92' lang='lat' dir='ltr'>ut</span> <span class='ocrx_word' id='word_1_49' title='bbox 626 1185 845 1268; x_wconf 76' lang='lat' dir='ltr'>intelligerent</span> <span class='ocrx_word' id='word_1_50' title='bbox 867 1185 1009 1250; x_wconf 86' lang='lat' dir='ltr'>homines</span> <span class='ocrx_word' id='word_1_51' title='bbox 1033 1184 1134 1251; x_wconf 86' lang='lat' dir='ltr'>invidi</span> <span class='ocrx_word' id='word_1_52' title='bbox 1151 1189 1185 1247; x_wconf 93' lang='grc'>11</span> 
     </span>
     <span class='ocr_line' id='line_1_8' title="bbox 222 1290 1184 1372; baseline 0.001 -18"><span class='ocrx_word' id='word_1_53' title='bbox 222 1290 368 1372; x_wconf 87' lang='lat' dir='ltr'>maligni,</span> <span class='ocrx_word' id='word_1_54' title='bbox 398 1296 487 1357; x_wconf 89' lang='lat' dir='ltr'>artes</span> <span class='ocrx_word' id='word_1_55' title='bbox 514 1293 572 1358; x_wconf 88' lang='lat' dir='ltr'>has</span> <span class='ocrx_word' id='word_1_56' title='bbox 595 1293 734 1358; x_wconf 88' lang='lat' dir='ltr'>minutas</span> <span class='ocrx_word' id='word_1_57' title='bbox 758 1299 792 1357; x_wconf 87' lang='lat' dir='ltr'>et</span> <span class='ocrx_word' id='word_1_58' title='bbox 814 1295 965 1358; x_wconf 86' lang='lat' dir='ltr'>obscuras</span> <span class='ocrx_word' id='word_1_59' title='bbox 989 1291 1184 1358; x_wconf 85' lang='grc'><strong>1111111-</strong></span> 
     </span>
     <span class='ocr_line' id='line_1_9' title="bbox 223 1398 1237 1482; baseline 0 -20"><span class='ocrx_word' id='word_1_60' title='bbox 223 1415 315 1462; x_wconf 87' lang='lat' dir='ltr'>scuro</span> <span class='ocrx_word' id='word_1_61' title='bbox 340 1417 420 1482; x_wconf 86' lang='lat' dir='ltr'>essa,</span> <span class='ocrx_word' id='word_1_62' title='bbox 448 1399 505 1464; x_wconf 89' lang='lat' dir='ltr'>sed</span> <span class='ocrx_word' id='word_1_63' title='bbox 529 1418 598 1464; x_wconf 90' lang='lat' dir='ltr'>cmn</span> <span class='ocrx_word' id='word_1_64' title='bbox 622 1403 784 1464; x_wconf 91' lang='lat' dir='ltr'>contemtu</span> <span class='ocrx_word' id='word_1_65' title='bbox 808 1403 842 1464; x_wconf 91' lang='grc'>11</span> <span class='ocrx_word' id='word_1_66' title='bbox 864 1398 996 1463; x_wconf 90' lang='lat' dir='ltr'>infamia</span> <span class='ocrx_word' id='word_1_67' title='bbox 1019 1418 1077 1464; x_wconf 89' lang='lat' dir='ltr'>sua</span> <span class='ocrx_word' id='word_1_68' title='bbox 1093 1403 1183 1481; x_wconf 89' lang='lat' dir='ltr'>pate·</span> <span class='ocrx_word' id='word_1_69' title='bbox 1236 1469 1237 1472; x_wconf 8' lang='grc' dir='ltr'><strong>Ἴ</strong></span> 
     </span>
     <span class='ocr_line' id='line_1_10' title="bbox 223 1504 1183 1588; baseline 0.003 -20"><span class='ocrx_word' id='word_1_70' title='bbox 223 1504 303 1586; x_wconf 88' lang='lat' dir='ltr'>fieri,</span> <span class='ocrx_word' id='word_1_71' title='bbox 339 1509 412 1587; x_wconf 84' lang='lat' dir='ltr'>pest</span> <span class='ocrx_word' id='word_1_72' title='bbox 439 1511 573 1572; x_wconf 90' lang='lat' dir='ltr'>mortem</span> <span class='ocrx_word' id='word_1_73' title='bbox 597 1506 695 1572; x_wconf 93' lang='lat' dir='ltr'>etiam</span> <span class='ocrx_word' id='word_1_74' title='bbox 722 1505 869 1588; x_wconf 85' lang='lat' dir='ltr'>proferri.</span> <span class='ocrx_word' id='word_1_75' title='bbox 915 1507 980 1573; x_wconf 80' lang='lat' dir='ltr'>Sed</span> <span class='ocrx_word' id='word_1_76' title='bbox 1008 1506 1183 1587; x_wconf 66' lang='lat' dir='ltr'>(icmarus,</span> 
     </span>
     <span class='ocr_line' id='line_1_11' title="bbox 223 1611 1184 1697; baseline 0 -19"><span class='ocrx_word' id='word_1_77' title='bbox 223 1617 260 1678; x_wconf 93' lang='lat' dir='ltr'>ut</span> <span class='ocrx_word' id='word_1_78' title='bbox 282 1613 325 1678; x_wconf 91' lang='lat' dir='ltr'>ad</span> <span class='ocrx_word' id='word_1_79' title='bbox 348 1633 419 1678; x_wconf 89' lang='lat' dir='ltr'>eum</span> <span class='ocrx_word' id='word_1_80' title='bbox 443 1615 619 1697; x_wconf 73' lang='lat' dir='ltr'>redeamus</span> <span class='ocrx_word' id='word_1_81' title='bbox 644 1615 724 1680; x_wconf 92' lang='lat' dir='ltr'>adeo</span> <span class='ocrx_word' id='word_1_82' title='bbox 741 1634 805 1680; x_wconf 94' lang='lat' dir='ltr'>non</span> <span class='ocrx_word' id='word_1_83' title='bbox 820 1633 918 1696; x_wconf 83' lang='lat' dir='ltr'>aegre</span> <span class='ocrx_word' id='word_1_84' title='bbox 935 1614 1011 1680; x_wconf 91' lang='lat' dir='ltr'>tulit</span> <span class='ocrx_word' id='word_1_85' title='bbox 1025 1611 1184 1694; x_wconf 91' lang='lat' dir='ltr'>iniuriam,</span> 
     </span>
     <span class='ocr_line' id='line_1_12' title="bbox 224 1700 1184 1788; baseline 0.001 -3"><span class='ocrx_word' id='word_1_86' title='bbox 224 1724 260 1785; x_wconf 92' lang='lat' dir='ltr'>ut</span> <span class='ocrx_word' id='word_1_87' title='bbox 293 1721 392 1786; x_wconf 90' lang='lat' dir='ltr'>etiam</span> <span class='ocrx_word' id='word_1_88' title='bbox 425 1727 538 1788; x_wconf 82' lang='lat' dir='ltr'>auctor</span> <span class='ocrx_word' id='word_1_89' title='bbox 572 1727 661 1788; x_wconf 90' lang='lat' dir='ltr'>esset</span> <span class='ocrx_word' id='word_1_90' title='bbox 694 1700 811 1788; x_wconf 85' lang='lat' dir='ltr'>homini</span> <span class='ocrx_word' id='word_1_91' title='bbox 842 1721 1027 1788; x_wconf 90' lang='lat' dir='ltr'>conficiendi</span> <span class='ocrx_word' id='word_1_92' title='bbox 1057 1740 1184 1787; x_wconf 88' lang='lat' dir='ltr'>nomen·</span> 
     </span>
     <span class='ocr_line' id='line_1_13' title="bbox 224 1825 1185 1912; baseline 0.002 -20"><span class='ocrx_word' id='word_1_93' title='bbox 224 1827 354 1893; x_wconf 92' lang='lat' dir='ltr'>clatoris</span> <span class='ocrx_word' id='word_1_94' title='bbox 384 1825 568 1911; x_wconf 83' lang='lat' dir='ltr'>herbarum,</span> <span class='ocrx_word' id='word_1_95' title='bbox 600 1831 764 1911; x_wconf 87' lang='lat' dir='ltr'>arborum,</span> <span class='ocrx_word' id='word_1_96' title='bbox 795 1828 928 1912; x_wconf 87' lang='lat' dir='ltr'>piscium</span> <span class='ocrx_word' id='word_1_97' title='bbox 958 1833 1019 1895; x_wconf 91' lang='lat' dir='ltr'>etc.</span> <span class='ocrx_word' id='word_1_98' title='bbox 1051 1828 1185 1894; x_wconf 85' lang='lat' dir='ltr'>Latino·</span> 
     </span>
     <span class='ocr_line' id='line_1_14' title="bbox 225 1933 1185 2018; baseline -0.001 -17"><span class='ocrx_word' id='word_1_99' title='bbox 225 1933 422 2018; x_wconf 82' lang='lat' dir='ltr'>Germanici,</span> <span class='ocrx_word' id='word_1_100' title='bbox 452 1955 522 2002; x_wconf 93' lang='lat' dir='ltr'>cum</span> <span class='ocrx_word' id='word_1_101' title='bbox 553 1935 711 2002; x_wconf 88' lang='lat' dir='ltr'>accuratis</span> <span class='ocrx_word' id='word_1_102' title='bbox 742 1955 848 2002; x_wconf 87' lang='lat' dir='ltr'>rerum</span> <span class='ocrx_word' id='word_1_103' title='bbox 875 1934 1016 2018; x_wconf 88' lang='lat' dir='ltr'>ipsarum</span> <span class='ocrx_word' id='word_1_104' title='bbox 1047 1935 1185 2018; x_wconf 82' lang='lat' dir='ltr'>explica·</span> 
     </span>
     <span class='ocr_line' id='line_1_15' title="bbox 224 2043 1186 2126; baseline 0.001 -19"><span class='ocrx_word' id='word_1_105' title='bbox 224 2043 377 2124; x_wconf 84' lang='lat' dir='ltr'>tionibus,</span> <span class='ocrx_word' id='word_1_106' title='bbox 405 2045 515 2124; x_wconf 88' lang='lat' dir='ltr'>quales</span> <span class='ocrx_word' id='word_1_107' title='bbox 542 2045 695 2110; x_wconf 88' lang='lat' dir='ltr'>historiae</span> <span class='ocrx_word' id='word_1_108' title='bbox 718 2044 874 2110; x_wconf 86' lang='lat' dir='ltr'>naturalis</span> <span class='ocrx_word' id='word_1_109' title='bbox 901 2043 998 2126; x_wconf 89' lang='lat' dir='ltr'>periti</span> <span class='ocrx_word' id='word_1_110' title='bbox 1025 2043 1186 2109; x_wconf 90' lang='lat' dir='ltr'>desidera·</span> 
     </span>
     <span class='ocr_line' id='line_1_16' title="bbox 224 2151 1184 2235; baseline 0.002 -21"><span class='ocrx_word' id='word_1_111' title='bbox 224 2156 312 2230; x_wconf 89' lang='lat' dir='ltr'>rent,</span> <span class='ocrx_word' id='word_1_112' title='bbox 348 2151 439 2232; x_wconf 90' lang='lat' dir='ltr'>eique</span> <span class='ocrx_word' id='word_1_113' title='bbox 473 2151 506 2217; x_wconf 92' lang='lat' dir='ltr'>in</span> <span class='ocrx_word' id='word_1_114' title='bbox 534 2171 573 2218; x_wconf 91' lang='lat' dir='ltr'>ea</span> <span class='ocrx_word' id='word_1_115' title='bbox 603 2173 653 2235; x_wconf 86' lang='lat' dir='ltr'>re,</span> <span class='ocrx_word' id='word_1_116' title='bbox 687 2153 836 2234; x_wconf 81' lang='lat' dir='ltr'>qmcquid</span> <span class='ocrx_word' id='word_1_117' title='bbox 863 2152 932 2235; x_wconf 89' lang='lat' dir='ltr'>opis</span> <span class='ocrx_word' id='word_1_118' title='bbox 955 2151 1042 2218; x_wconf 89' lang='lat' dir='ltr'>ferre</span> <span class='ocrx_word' id='word_1_119' title='bbox 1064 2155 1184 2234; x_wconf 85' lang='lat' dir='ltr'>posset,</span> 
     </span>
     <span class='ocr_line' id='line_1_17' title="bbox 225 2255 1187 2342; baseline 0.004 -22"><span class='ocrx_word' id='word_1_120' title='bbox 225 2255 439 2338; x_wconf 86' lang='lat' dir='ltr'>polliceretur,</span> <span class='ocrx_word' id='word_1_121' title='bbox 464 2257 491 2322; x_wconf 88' lang='lat' dir='ltr'>si</span> <span class='ocrx_word' id='word_1_122' title='bbox 515 2257 709 2342; x_wconf 83' lang='lat' dir='ltr'>Gottingam</span> <span class='ocrx_word' id='word_1_123' title='bbox 732 2259 853 2342; x_wconf 86' lang='lat' dir='ltr'>venire,</span> <span class='ocrx_word' id='word_1_124' title='bbox 882 2264 916 2325; x_wconf 91' lang='lat' dir='ltr'>et</span> <span class='ocrx_word' id='word_1_125' title='bbox 937 2259 982 2326; x_wconf 89' lang='lat' dir='ltr'>ibi</span> <span class='ocrx_word' id='word_1_126' title='bbox 1005 2260 1065 2325; x_wconf 94' lang='lat' dir='ltr'>hoc</span> <span class='ocrx_word' id='word_1_127' title='bbox 1087 2276 1187 2342; x_wconf 90' lang='lat' dir='ltr'>agere</span> 
     </span>
     <span class='ocr_line' id='line_1_18' title="bbox 225 2363 1084 2430; baseline 0 0"><span class='ocrx_word' id='word_1_128' title='bbox 225 2363 335 2430; x_wconf 85' lang='lat' dir='ltr'>vellet.</span> <span class='ocrx_word' id='word_1_129' title='bbox 1083 2425 1084 2430; x_wconf 75' lang='grc'>,</span> 
     </span>
     <span class='ocr_line' id='line_1_19' title="bbox 293 2471 1187 2540; baseline 0.004 -4"><span class='ocrx_word' id='word_1_130' title='bbox 293 2471 387 2536; x_wconf 87' lang='grc' dir='ltr'><strong>Η111</strong></span> <span class='ocrx_word' id='word_1_131' title='bbox 416 2475 524 2537; x_wconf 90' lang='lat' dir='ltr'>autem</span> <span class='ocrx_word' id='word_1_132' title='bbox 554 2477 648 2538; x_wconf 89' lang='lat' dir='ltr'>tanta</span> <span class='ocrx_word' id='word_1_133' title='bbox 677 2472 793 2539; x_wconf 85' lang='lat' dir='ltr'>lenitas</span> <span class='ocrx_word' id='word_1_134' title='bbox 824 2477 858 2538; x_wconf 90' lang='grc'>11</span> <span class='ocrx_word' id='word_1_135' title='bbox 886 2473 1097 2540; x_wconf 88' lang='lat' dir='ltr'>mansuetudo</span> <span class='ocrx_word' id='word_1_136' title='bbox 1124 2491 1187 2540; x_wconf 93' lang='lat' dir='ltr'>non</span> 
     </span>
     <span class='ocr_line' id='line_1_20' title="bbox 225 2575 1186 2664; baseline 0.001 -21"><span class='ocrx_word' id='word_1_137' title='bbox 225 2577 416 2644; x_wconf 87' lang='lat' dir='ltr'>lentitudine</span> <span class='ocrx_word' id='word_1_138' title='bbox 451 2579 593 2645; x_wconf 91' lang='lat' dir='ltr'>naturali</span> <span class='ocrx_word' id='word_1_139' title='bbox 620 2584 655 2645; x_wconf 94' lang='lat' dir='ltr'>et</span> <span class='ocrx_word' id='word_1_140' title='bbox 681 2575 885 2664; x_wconf 66' lang='lat' dir='ltr'>negligentia}</span> <span class='ocrx_word' id='word_1_141' title='bbox 907 2579 1013 2646; x_wconf 86' lang='lat' dir='ltr'>famae</span> <span class='ocrx_word' id='word_1_142' title='bbox 1040 2583 1186 2662; x_wconf 88' lang='lat' dir='ltr'>venerat,</span> 
     </span>
     <span class='ocr_line' id='line_1_21' title="bbox 226 2687 1187 2770; baseline 0 -18"><span class='ocrx_word' id='word_1_143' title='bbox 226 2706 285 2752; x_wconf 91' lang='grc'>111</span> <span class='ocrx_word' id='word_1_144' title='bbox 308 2689 348 2752; x_wconf 92' lang='lat' dir='ltr'>ab</span> <span class='ocrx_word' id='word_1_145' title='bbox 373 2687 577 2752; x_wconf 85' lang='lat' dir='ltr'>assuetudine</span> <span class='ocrx_word' id='word_1_146' title='bbox 600 2687 787 2754; x_wconf 89' lang='lat' dir='ltr'>iniuriarum</span> <span class='ocrx_word' id='word_1_147' title='bbox 810 2687 1080 2770; x_wconf 61' lang='lat' dir='ltr'>excipiendam</span> <span class='ocrx_word' id='word_1_148' title='bbox 1104 2705 1187 2770; x_wconf 87' lang='lat' dir='ltr'>quae</span> 
     </span>
     <span class='ocr_line' id='line_1_22' title="bbox 226 2794 1186 2878; baseline 0.002 -19"><span class='ocrx_word' id='word_1_149' title='bbox 226 2795 340 2860; x_wconf 90' lang='lat' dir='ltr'>callum</span> <span class='ocrx_word' id='word_1_150' title='bbox 363 2794 493 2860; x_wconf 90' lang='lat' dir='ltr'>obducit</span> <span class='ocrx_word' id='word_1_151' title='bbox 515 2794 696 2878; x_wconf 86' lang='lat' dir='ltr'>paullatim,</span> <span class='ocrx_word' id='word_1_152' title='bbox 728 2795 786 2862; x_wconf 89' lang='lat' dir='ltr'>sed</span> <span class='ocrx_word' id='word_1_153' title='bbox 808 2797 848 2862; x_wconf 88' lang='lat' dir='ltr'>ab</span> <span class='ocrx_word' id='word_1_154' title='bbox 872 2795 1054 2862; x_wconf 91' lang='lat' dir='ltr'>inductione</span> <span class='ocrx_word' id='word_1_155' title='bbox 1078 2794 1186 2877; x_wconf 89' lang='lat' dir='ltr'>animi,</span> 
     </span>
     <span class='ocr_line' id='line_1_23' title="bbox 226 2901 1186 2987; baseline 0.001 -21"><span class='ocrx_word' id='word_1_156' title='bbox 226 2921 309 2982; x_wconf 89' lang='lat' dir='ltr'>quae</span> <span class='ocrx_word' id='word_1_157' title='bbox 332 2903 400 2968; x_wconf 89' lang='lat' dir='ltr'>sola</span> <span class='ocrx_word' id='word_1_158' title='bbox 423 2903 636 2970; x_wconf 89' lang='lat' dir='ltr'>constantiam</span> <span class='ocrx_word' id='word_1_159' title='bbox 664 2903 795 2987; x_wconf 89' lang='lat' dir='ltr'>dignam</span> <span class='ocrx_word' id='word_1_160' title='bbox 817 2904 1012 2987; x_wconf 88' lang='lat' dir='ltr'>Philosopho</span> <span class='ocrx_word' id='word_1_161' title='bbox 1037 2909 1071 2970; x_wconf 91' lang='lat' dir='ltr'>et</span> <span class='ocrx_word' id='word_1_162' title='bbox 1094 2901 1186 2970; x_wconf 80' lang='lat' dir='ltr'>Chri·</span> 
     </span>
     <span class='ocr_line' id='line_1_24' title="bbox 226 3010 1186 3092; baseline 0.001 -17"><span class='ocrx_word' id='word_1_163' title='bbox 226 3011 331 3076; x_wconf 90' lang='lat' dir='ltr'>stiano</span> <span class='ocrx_word' id='word_1_164' title='bbox 354 3010 471 3077; x_wconf 87' lang='lat' dir='ltr'>adfert.</span> <span class='ocrx_word' id='word_1_165' title='bbox 518 3013 633 3078; x_wconf 87' lang='lat' dir='ltr'>Inerat</span> <span class='ocrx_word' id='word_1_166' title='bbox 660 3011 744 3078; x_wconf 89' lang='lat' dir='ltr'>enim</span> <span class='ocrx_word' id='word_1_167' title='bbox 769 3016 888 3078; x_wconf 92' lang='lat' dir='ltr'>natura</span> <span class='ocrx_word' id='word_1_168' title='bbox 910 3011 1068 3078; x_wconf 86' lang='lat' dir='ltr'>teneritas</span> <span class='ocrx_word' id='word_1_169' title='bbox 1090 3029 1186 3092; x_wconf 89' lang='lat' dir='ltr'>quae·</span> 
     </span>
     <span class='ocr_line' id='line_1_25' title="bbox 227 3103 1188 3200; baseline -0.001 -18"><span class='ocrx_word' id='word_1_170' title='bbox 227 3117 300 3182; x_wconf 89' lang='lat' dir='ltr'>dam</span> <span class='ocrx_word' id='word_1_171' title='bbox 330 3122 363 3182; x_wconf 92' lang='lat' dir='ltr'>et</span> <span class='ocrx_word' id='word_1_172' title='bbox 390 3117 553 3183; x_wconf 89' lang='lat' dir='ltr'>mollitudo</span> <span class='ocrx_word' id='word_1_173' title='bbox 584 3113 682 3184; x_wconf 85' lang='lat' dir='ltr'>animi</span> <span class='ocrx_word' id='word_1_174' title='bbox 711 3117 745 3184; x_wconf 91' lang='lat' dir='ltr'>in</span> <span class='ocrx_word' id='word_1_175' title='bbox 779 3103 948 3200; x_wconf 83' lang='lat' dir='ltr'>utramque</span> <span class='ocrx_word' id='word_1_176' title='bbox 978 3121 1119 3200; x_wconf 86' lang='lat' dir='ltr'>partem,</span> <span class='ocrx_word' id='word_1_177' title='bbox 1151 3120 1188 3182; x_wconf 91' lang='lat' dir='ltr'>ut</span> 
     </span>
     <span class='ocr_line' id='line_1_26' title="bbox 226 3223 1186 3310; baseline -0.001 -21"><span class='ocrx_word' id='word_1_178' title='bbox 226 3223 293 3289; x_wconf 87' lang='lat' dir='ltr'>acri</span> <span class='ocrx_word' id='word_1_179' title='bbox 316 3243 411 3290; x_wconf 90' lang='lat' dir='ltr'>sensu</span> <span class='ocrx_word' id='word_1_180' title='bbox 434 3229 468 3289; x_wconf 91' lang='grc'>11</span> <span class='ocrx_word' id='word_1_181' title='bbox 490 3225 714 3291; x_wconf 86' lang='lat' dir='ltr'>beneficiorum</span> <span class='ocrx_word' id='word_1_182' title='bbox 737 3229 771 3290; x_wconf 91' lang='lat' dir='ltr'>et</span> <span class='ocrx_word' id='word_1_183' title='bbox 790 3223 978 3310; x_wconf 76' lang='lat' dir='ltr'>injuriarum</span> <span class='ocrx_word' id='word_1_184' title='bbox 993 3228 1186 3292; x_wconf 86' lang='lat' dir='ltr'>moveretur.</span> 
     </span>
     <span class='ocr_line' id='line_1_27' title="bbox 225 3332 1187 3418; baseline 0 -22"><span class='ocrx_word' id='word_1_185' title='bbox 225 3333 277 3396; x_wconf 82' lang='lat' dir='ltr'>Ea</span> <span class='ocrx_word' id='word_1_186' title='bbox 300 3339 494 3401; x_wconf 84' lang='lat' dir='ltr'>conservata</span> <span class='ocrx_word' id='word_1_187' title='bbox 516 3338 551 3398; x_wconf 90' lang='lat' dir='ltr'>et</span> <span class='ocrx_word' id='word_1_188' title='bbox 573 3337 670 3399; x_wconf 87' lang='lat' dir='ltr'>aucta</span> <span class='ocrx_word' id='word_1_189' title='bbox 698 3339 770 3400; x_wconf 88' lang='lat' dir='ltr'>erat</span> <span class='ocrx_word' id='word_1_190' title='bbox 797 3338 956 3418; x_wconf 90' lang='lat' dir='ltr'>perpetua</span> <span class='ocrx_word' id='word_1_191' title='bbox 977 3332 1187 3416; x_wconf 78' lang='lat' dir='ltr'>indrdgentia,</span> 
     </span>
     <span class='ocr_line' id='line_1_28' title="bbox 226 3439 1189 3522; baseline -0.002 -16"><span class='ocrx_word' id='word_1_192' title='bbox 226 3461 289 3522; x_wconf 78' lang='lat' dir='ltr'>qira</span> <span class='ocrx_word' id='word_1_193' title='bbox 312 3440 425 3506; x_wconf 91' lang='lat' dir='ltr'>summi</span> <span class='ocrx_word' id='word_1_194' title='bbox 448 3460 519 3506; x_wconf 88' lang='lat' dir='ltr'>eum</span> <span class='ocrx_word' id='word_1_195' title='bbox 535 3440 597 3508; x_wconf 90' lang='lat' dir='ltr'>viri</span> <span class='ocrx_word' id='word_1_196' title='bbox 621 3445 807 3508; x_wconf 87' lang='lat' dir='ltr'>constanter</span> <span class='ocrx_word' id='word_1_197' title='bbox 830 3441 981 3509; x_wconf 86' lang='lat' dir='ltr'>foverant</span> <span class='ocrx_word' id='word_1_198' title='bbox 998 3439 1114 3506; x_wconf 89' lang='lat' dir='ltr'>multos</span> <span class='ocrx_word' id='word_1_199' title='bbox 1129 3458 1189 3522; x_wconf 89' lang='lat' dir='ltr'>per</span> 
     </span>
    </p>
   </div>
   <div class='ocr_carea' id='block_1_4' title="bbox 0 0 1438 4152">
    <p class='ocr_par' dir='ltr' id='par_1_4' title="bbox 0 0 1438 4152">
     <span class='ocr_line' id='line_1_29' title="bbox 0 0 1438 4152; baseline 0 0"><span class='ocrx_word' id='word_1_200' title='bbox 0 0 1438 4152; x_wconf 95' lang='lat' dir='ltr'> </span> 
     </span>
    </p>
   </div>
  </div>
 </body>
</html>
