2852 4152
179 525 291 589 horam
315 527 434 588 statam
450 523 685 606 perferebatur,
710 520 876 602 magisque
892 517 1144 600 adsuefactione,

180 651 274 713 quam
302 631 490 697 lassitudine
520 632 646 710 lectum,
676 649 746 694 cum
773 630 853 694 hora
879 631 1025 707 uenerat,
1056 629 1144 707 pete-

182 742 255 804 bat:
291 739 325 806 in
359 759 453 819 quam
489 758 558 803 cum
593 757 628 802 se
656 737 712 804 vix
736 736 927 816 coniecerat,
955 752 1146 814 quamquam

180 846 251 911 sine
274 845 479 928 fatigatione,
508 851 616 910 tarrreu
639 863 714 908 mou
740 842 1010 922 obdormiscebat,
1043 845 1076 905 11
1105 839 1146 904 ad

181 955 306 1035 horam,
336 972 432 1034 quam
460 952 610 1033 diximus,
646 951 715 1017 sine
742 949 922 1017 intervallis
950 947 1144 1029 vigiliarum,

181 1057 308 1138 placide
342 1077 454 1123 sonum
488 1057 705 1122 continuabat.
758 1056 907 1140 Corporis
942 1053 1075 1136 species,
1112 1053 1146 1118 in

152 1169 308 1229 ‘statura
335 1147 623 1247 iusta,'pluri1num
650 1164 820 1247 dignitatis
844 1165 1000 1241 lrabcbat;
1032 1180 1144 1241 eaque,

180 1277 218 1335 ut
241 1271 345 1353 audio,
369 1273 411 1337 ad
434 1278 612 1337 extremum
635 1273 726 1338 solva
749 1271 937 1354 permansit.
974 1269 1050 1336 Oris
1066 1268 1144 1333 line·
1161 1279 1179 1290 ”

182 1385 312 1446 amenta
346 1383 426 1446 bene
462 1399 618 1462 expressa
645 1385 721 1445 sunt
749 1380 783 1445 in
812 1381 950 1462 imagine
978 1400 1025 1462 ea,
1062 1398 1145 1461 quae

183 1494 280 1570 caput
300 1489 459 1554 Thesauri
483 1492 586 1570 ornat,
611 1488 673 1554 nisi
696 1489 780 1568 quod
803 1489 932 1572 artifex,
958 1491 1031 1555 dum
1052 1490 1144 1554 radio

182 1595 304 1677 fingere
339 1596 381 1661 ad
416 1595 599 1660 comitatem
634 1601 668 1660 et
701 1596 900 1661 hilaritatem
927 1601 1047 1680 tentat,
1076 1597 1145 1664 siue

181 1703 237 1768 illa
271 1703 404 1785 pictoris
440 1704 533 1785 culpa
560 1703 631 1785 f't,
667 1703 814 1770 irridenti
842 1704 1025 1770 similiorem
1051 1705 1144 1769 fecit:

182 1830 244 1891 quo
268 1811 394 1877 nomine
415 1811 593 1892 Geretium,
618 1811 658 1876 de
682 1830 743 1892 quo
766 1830 864 1893 supra
887 1811 963 1893 dixi,
987 1811 1072 1893 apud
1095 1831 1145 1878 mr

182 1919 344 2001 indignari
376 1918 513 1984 memini.
563 1919 649 1983 Erat
683 1918 766 1983 enim
794 1918 827 1983 in
856 1919 949 1986 vultu
977 1919 1145 2000 plurimum

183 2027 366 2109 gravitatis,
403 2027 460 2092 sed
487 2045 569 2107 quae
599 2045 619 2091 1
648 2025 785 2091 tristitia
812 2027 906 2109 longe
939 2028 1077 2108 abesset,
1114 2032 1147 2091 et

185 2139 425 2214 temperaretur
447 2134 609 2198 comitate.
649 2134 691 2198 In
714 2152 861 2199 sermono
884 2153 955 2198 cum
976 2133 1089 2199 'amicis
1114 2139 1147 2198 11
1178 2159 1180 2222 j

153 2277 154 2280 =
185 2240 376 2305 adeuntibus
403 2240 527 2308 visendi
557 2259 667 2321 causa,
698 2239 872 2305 hilaritatis
903 2240 999 2305 ctiam
1028 2240 1147 2321 aliquid

185 2347 373 2430 accedebat,
410 2367 472 2428 quo
510 2346 605 2412 facile
644 2352 776 2428 caperet
814 2346 936 2413 animos
975 2348 1146 2414 hominum.

184 2456 427 2522 Pronunciabat
449 2456 629 2538 perspicue,
653 2475 765 2538 presse
788 2461 913 2540 tamen,
939 2463 973 2522 11
996 2477 1067 2522 cum
1090 2455 1146 2520 uli·

143 2613 144 2616 ,
185 2581 248 2642 qua
270 2563 387 2645 gratia.
434 2564 475 2628 In
497 2563 638 2645 incessu,
666 2568 763 2646 gestu
792 2569 826 2629 et
849 2564 933 2629 omni
963 2569 1052 2629 motu
1080 2582 1147 2628 cor-
1178 2583 1179 2586 ¹

185 2670 272 2750 poris
299 2670 421 2752 ingenii
450 2671 507 2735 illa
534 2675 568 2736 et
597 2671 694 2736 arrinri
716 2671 883 2753 alacritas,
913 2671 952 2735 de
982 2690 1045 2752 qua
1072 2677 1148 2736 onte

185 2777 262 2859 dixi,
287 2777 550 2860 perspiciebatur.
596 2778 668 2843 Nec
699 2797 738 2844 ea
768 2779 926 2844 destituta
955 2785 1005 2844 est
1038 2799 1057 2844 1
1081 2797 1149 2844 cor·

185 2904 273 2967 pore,
298 2885 409 2950 statim
432 2891 506 2966 post
527 2885 710 2968 graviorem
733 2886 822 2951 illum
846 2887 1002 2965 morbum;
1027 2886 1148 2968 paulla-
1177 2885 1180 2906 ²

185 2993 243 3057 tim
266 2999 375 3059 tamen
398 2994 518 3074 aliquid
540 2993 704 3077 languoris
728 2995 858 3058 trahere
882 2995 1063 3061 videbatur.

252 3099 419 3166 Alacritas
440 3107 473 3166 11
492 3101 586 3184 vigor
599 3101 719 3184 ingenii
734 3119 774 3166 ne
789 3100 1008 3166 moribundum
1024 3099 1151 3182 quidem

187 3207 315 3289 defecit,
340 3209 439 3274 multo
464 3209 567 3274 minus
591 3209 810 3289 tranquillitas
827 3213 861 3272 11
876 3210 1024 3288 aequitas
1043 3209 1116 3274 auin
1129 3207 1150 3272 i.
1176 3227 1177 3230 ¹

186 3316 227 3379 In
254 3314 324 3396 ipso
352 3317 435 3382 lecto
465 3316 560 3382 fatali
589 3316 813 3382 circumfusum
848 3315 948 3382 fuisse
979 3316 1085 3397 libris,
1118 3323 1151 3380 et

186 3421 304 3503 legisse
327 3422 448 3503 aliquid
471 3429 529 3489 aut
552 3423 718 3505 scripsisse
743 3428 880 3488 constat.
916 3423 989 3488 Nec
1008 3422 1150 3505 Orphica
1176 3475 1177 3478 ,

588 3676 739 3746 Ι-11-
