2852 4152
166 400 431 416 ...Μῶα
439 402 522 415 «ιιιυυιι
532 403 581 415 ιιι-η
607 404 796 420 -ι-ΜΜ
806 403 824 415 ¹¹·
836 406 845 420 ἱ
858 408 864 420 ι
873 407 910 420 111
918 407 979 420 ,1111
986 391 1236 422 nuum-'u'
1245 407 1281 420 a*

208 454 281 579 {ad
310 488 428 554 harum
456 489 640 571 linguarum
669 486 830 568 omnium,
867 487 966 551 etiam
994 489 1198 568 novitiarum,
1232 460 1239 578 1

208 590 215 686 1
238 593 426 670 Francicae,
460 596 603 677 Italicae,
638 595 845 660 Britannicae
872 593 963 659 initia
990 596 1199 678 percipienda

208 702 404 795 privatim,
429 703 594 784 docendo,
618 701 783 767 hortando
808 702 1002 767 adducebat.
1049 701 1200 780 Quorum
1233 740 1238 794 l

208 803 462 907 {institutorum
489 811 697 894 prudentiam
725 810 786 874 sibi
820 810 999 893 plurimum
1032 811 1196 892 profuisse
1233 795 1238 901 {

207 910 213 1007 ξ
238 917 417 996 fatebatur3
430 919 629 1002 libenterque
640 919 930 999 commemorabat,
943 921 1103 1001 quantum
1115 921 1199 983 tem·

209 1020 213 1029 '
238 1026 326 1109 poris
349 1026 404 1090 illa
427 1045 506 1089 cura
528 1024 750 1108 praeceptoris
775 1029 808 1089 et
831 1025 1034 1109 indulgentia
1051 1025 1198 1090 lucratus
1233 1003 1238 1121 1

208 1129 213 1152 “
238 1136 334 1212 esset,
358 1133 450 1214 quod
472 1133 534 1197 sibi
557 1133 590 1196 in
613 1133 677 1197 alia
693 1132 863 1215 disciplina
878 1134 1061 1215 periturum
1076 1133 1198 1212 fuisset,
1234 1153 1238 1215 3

208 1280 213 1292 ·
237 1243 271 1304 et
293 1239 464 1322 permultis
488 1240 663 1322 praeclaris
687 1239 824 1322 ingeniis
846 1241 930 1322 perit
957 1260 1015 1322 per
1037 1239 1199 1304 condisoi·
1234 1218 1238 1274 ἕ

208 1354 214 1400 ἑ
237 1345 394 1429 pulcrum
421 1347 611 1411 tarditatem
644 1350 677 1410 et
708 1347 887 1429 superbam
914 1345 1077 1412 inscitiam
1104 1366 1199 1429 prae·
1233 1332 1236 1338 ¹

208 1483 213 1522 .·
237 1458 423 1536 ceptorum,
459 1453 502 1518 ad
538 1458 741 1519 contemtum
768 1454 819 1518 sui
846 1453 1046 1519 trahentium
1076 1458 1107 1518 et
1135 1454 1201 1517 ira·
1233 1477 1238 1523 i

208 1575 212 1583 ⁴
236 1561 409 1640 suentium,
433 1561 460 1626 si
483 1561 556 1643 quis
579 1581 647 1625 non
669 1562 737 1625 vult
759 1561 865 1624 bonas
887 1561 986 1626 horas
1003 1561 1064 1624 sibi
1084 1561 1199 1643 perire.
1233 1554 1238 1626 Ξ

207 1656 213 1739 ἶ
238 1666 314 1746 Quo
338 1670 472 1734 nomine
495 1669 573 1733 mihi
597 1670 673 1733 olim
697 1669 830 1732 memini
853 1668 1019 1750 quendam
1043 1669 1084 1732 de
1106 1687 1201 1749 prae·
1234 1725 1236 1730 .

238 1775 424 1857 captoribus
448 1775 643 1857 iniquiorem
659 1761 769 1852 fuisse,
793 1774 860 1856 qui,
883 1773 950 1838 sive
967 1774 1036 1856 ipse
1052 1772 1200 1837 animad-
1233 1755 1237 1822 ἶ

237 1886 389 1961 verterat,
414 1882 482 1947 sive
505 1883 548 1946 ab
571 1882 641 1946 aliis
666 1882 842 1962 audiverat,
866 1902 929 1962 me,
955 1881 1035 1945 dum
1055 1881 1125 1964 ipse
1141 1898 1201 1944 suo
1234 1901 1238 1952 ;

239 1988 341 2052 modo
376 1989 658 2072 interpretaretur,
694 2008 780 2070 quae
814 1988 949 2053 haberet
976 1989 1010 2052 in
1037 1988 1200 2068 manibus,

239 2095 306 2159 alia
328 2095 445 2177 legere.
492 2095 671 2160 Herodiani
699 2097 847 2178 quodam
875 2101 1031 2178 tempore
1048 2095 1201 2160 historias
1233 2129 1236 2134 ·

209 2214 212 2222 ’
240 2202 530 2285 interpretabatur,
559 2203 626 2283 sed,
661 2203 727 2268 sive
762 2223 823 2267 suo
859 2204 1004 2284 quodam
1039 2202 1201 2282 institute,
1233 2251 1237 2259 .

208 2292 212 2371 Ϊ
240 2310 307 2375 sive
329 2311 440 2392 potius
469 2330 584 2375 eorum
609 2329 722 2390 causa,
753 2311 808 2392 qui
836 2330 955 2392 parum
978 2310 1201 2393 proiecissent,
1232 2298 1237 2373 J

208 2489 211 2497 ,
240 2436 386 2499 quorum
420 2418 504 2482 solet
539 2438 611 2483 esse
641 2419 675 2482 in
704 2417 835 2483 Graecis
866 2437 1005 2500 magnus
1034 2436 1202 2496 numerus,
1233 2425 1237 2486 i

207 2508 212 2530 ²
240 2524 426 2589 tardissime
454 2526 739 2608 progrediebatur,
770 2543 845 2589 oum
872 2525 906 2588 in
933 2523 1070 2607 singulis
1097 2524 1203 2588 verbis

206 2617 211 2622 ⁵
241 2630 299 2694 diu
321 2631 479 2712 haereret,
505 2633 616 2697 omnia
631 2651 707 2696 curn
722 2632 902 2714 pulvisculo
920 2635 1102 2708 excuteret3
1128 2649 1203 2694 cum
1233 2615 1238 2672 ἶ

210 2743 212 2800 ζ
242 2755 314 2817 ego,
338 2739 501 2803 tarditatis
517 2739 601 2804 illius
616 2739 789 2821 impatiens
805 2740 850 2803 ita
865 2759 942 2803 eum
957 2758 1204 2822 praecurrerem
1233 2781 1237 2804 ι

207 2859 213 2919 2
242 2844 277 2909 in
299 2849 391 2909 textu
415 2845 540 2910 Graeco
564 2846 718 2929 legend0,
749 2849 786 2909 ut
812 2846 843 2909 in
869 2851 1014 2910 extremo
1039 2846 1122 2911 libro
1147 2846 1204 2909 de·
1233 2850 1237 2905 t

208 2977 212 3039 ς
243 2971 422 3033 currerem,
462 2971 537 3017 cum
575 2953 628 3017 ille
662 2952 770 3016 adhuc
803 2952 974 3017 moliretur
1013 2954 1046 3016 in
1087 2953 1202 3033 primo.
1233 2952 1237 3029 ξ

245 3059 326 3125 Cum
351 3059 448 3141 igitur
470 3059 648 3140 aliquando
665 3079 718 3122 me
734 3058 867 3122 vidisset
883 3058 1042 3122 attentius
1060 3059 1205 3122 defixum
1233 3044 1237 3134 1

208 3145 213 3223 ἶ
244 3166 278 3230 in
302 3165 385 3231 libro
409 3185 484 3230 meo
513 3165 667 3248 legendo,
703 3183 765 3229 neo
793 3165 970 3246 dubitaret,
1006 3165 1086 3246 quin
1114 3164 1205 3228 aliud
1234 3152 1237 3235 Ξ

209 3258 215 3366 1
244 3272 395 3356 legerem,
419 3291 521 3353 quarn
545 3271 636 3353 quod
658 3271 728 3353 ipse
744 3271 930 3352 explicaret,
953 3276 1100 3353 repente,
1126 3271 1205 3334 dum

209 3384 216 3504 1
241 3379 327 3444 alius
351 3379 472 3459 recitat,
500 3378 591 3460 quod
613 3378 760 3458 iusserat,
786 3377 954 3442 descendit
978 3379 1018 3442 de
1042 3376 1205 3458 cathedra,
1233 3380 1239 3475 1

164 3507 1218 3527 ἈΙ-ΜΠᾞᾙΙἏΠῚΜΜΜΜΜ-,ΙΙΜ
1236 3515 1246 3525 ⁴
1257 3515 1284 3528 -

212 3526 218 3614 Ι
1234 3533 1239 3614 l

647 3625 805 3675 „3-
