2852 4152
224 480 333 529 omnes
358 459 427 525 eius
448 457 677 527 consuetudine
699 459 837 526 libenter
852 465 927 528 sunt
942 462 1005 544 usi,
1029 483 1189 548 saepeque

224 567 267 634 ad
290 584 363 632 eum
386 564 555 632 visendum
579 564 778 646 colloquendi
802 584 899 632 causa
921 567 968 634 ita
990 589 1124 655 venere,
1152 578 1190 640 ut

225 694 298 742 eum
320 674 353 740 in
376 671 489 740 mediis
512 672 629 740 studiis
651 672 818 739 literarum
842 675 1068 760 opprimerent,
1092 684 1127 744 et
1149 680 1188 745 de

224 784 321 848 rebus
336 781 387 863 iis,
410 781 444 846 in
464 780 579 862 quibus
595 780 775 847 tractandis
799 799 871 846 eum
886 783 1093 868 reperissent,
1118 806 1189 853 cum

225 910 263 958 eo
299 890 524 956 dissererent
554 889 632 956 Dux
666 893 774 954 autem
809 889 897 958 Novi
925 889 1082 977 dasem),
1118 914 1188 962 cum

224 998 310 1081 Regi
333 1016 438 1066 eomes
456 997 637 1080 Gottingae
656 1001 744 1062 esset
767 1001 843 1064 ante
857 998 966 1080 plures
982 1019 1095 1084 annea,
1119 1021 1189 1068 cum

224 1108 311 1174 nullo
346 1106 410 1172 alio
443 1107 551 1188 plures
586 1122 749 1172 sermones
776 1106 915 1188 miscuit,
952 1125 1023 1174 eum
1051 1109 1189 1176 omnium

224 1214 363 1281 maxime
385 1212 587 1279 humanitate
611 1217 661 1279 est
684 1213 875 1296 complexus.

292 1320 357 1388 Sed
387 1325 424 1386 ut
451 1321 532 1386 haee
558 1318 624 1386 sint
653 1319 695 1384 ad
722 1319 882 1386 amicitias
910 1322 1125 1390 conciliandas
1156 1330 1191 1390 et

225 1429 455 1497 sustentandas
485 1426 721 1510 efficacissima,
757 1432 866 1494 tamen
897 1435 973 1496 sunt
1003 1432 1113 1514 modo,
1153 1439 1190 1499 ut

225 1538 273 1604 ita
301 1535 420 1618 dicam,
450 1534 634 1618 voluptaria
668 1540 702 1600 et
736 1535 938 1602 condimenta
967 1538 1188 1606 amicitia-rum.

225 1647 289 1713 Illa
310 1663 388 1713 vero
411 1643 543 1724 maiora,
568 1642 731 1708 sanctiora
754 1647 788 1708 et
811 1643 1004 1728 salubriora,
1028 1646 1119 1728 fides,
1143 1646 1189 1712 in·

225 1751 383 1835 tegritas,
411 1750 544 1817 iuvandi
566 1749 734 1817 verissima
761 1751 911 1817 voluntas
939 1757 973 1818 et
1002 1753 1191 1820 acerrimum

226 1859 379 1940 studium,
404 1857 587 1924 constantia
610 1856 761 1940 denique,
786 1858 910 1940 pariter
933 1860 1189 1942 reperiebantur.

227 1970 318 2049 Quae
341 1972 416 2033 sunt
438 1965 737 2033 labefactandamm
753 1970 810 2032 aut
825 1965 1098 2035 dissolvendarum
1115 1968 1191 2034 anii-

227 2076 386 2158 citiarum,
411 2074 618 2157 suspiciones,
641 2072 798 2156 invidiae,
822 2074 983 2158 levitates,
1007 2076 1191 2158 longissime

227 2187 375 2252 aberant.
410 2184 444 2250 A
468 2182 701 2265 suspicionibus
725 2201 788 2248 non
811 2182 904 2248 modo
927 2183 961 2248 in
982 2185 1111 2266 amieos,
1135 2185 1192 2250 sed

228 2292 325 2360 etiam
348 2293 444 2374 alios,
468 2292 549 2358 adeo
573 2291 696 2356 alienus
720 2295 805 2372 erat,
836 2296 874 2356 ut
897 2291 994 2356 etiam
1017 2311 1114 2375 saepe
1138 2293 1191 2359 de·

228 2401 402 2486 ciperetur,
433 2420 453 2467 a
485 2399 600 2482 quinus
629 2418 693 2465 non
720 2404 863 2481 putarat,
892 2419 1034 2481 opusque
1056 2402 1192 2467 haberet

228 2509 498 2577 admonitionibus
521 2507 703 2588 amicorum,
727 2510 764 2571 ut
787 2511 927 2573 caveret.
963 2506 1028 2573 Sed
1049 2508 1193 2575 malebat

227 2618 261 2684 in
283 2619 368 2683 hane
391 2620 516 2698 partem
540 2633 611 2680 eum
635 2613 739 2693 aliquo
763 2611 958 2679 incommodo
989 2633 1046 2679 suo
1074 2633 1114 2680 ac
1137 2615 1191 2681 ‹lo-

132 2712 135 2718 ’
228 2727 296 2791 lore
320 2723 434 2806 decipi,
459 2742 554 2804 quam
580 2721 613 2786 iu
637 2721 774 2786 alteram
797 2739 867 2786 cum
894 2720 1012 2787 iniuria
1034 2723 1191 2814 adversus

227 2831 383 2913 innoxios,
400 2835 434 2896 et
448 2828 542 2895 rumis
557 2831 658 2893 bonius
674 2826 788 2908 videri,
809 2846 904 2908 quam
916 2827 1054 2910 maligne
1068 2833 1191 2896 cautus.

294 2938 386 3006 Nihil
408 2938 464 3004 illo
487 2937 659 3004 officiosius
688 2955 753 3002 non
782 2935 873 3001 modo
897 2935 931 3002 in
953 2934 1111 3018 amicitiis,
1135 2937 1192 3002 sed

228 3048 384 3114 adversus
407 3063 524 3110 omnes.
571 3045 618 3110 Et
641 3041 789 3124 officium,
819 3041 853 3108 id
876 3043 960 3124 quod
983 3042 1092 3108 multis
1115 3042 1192 3108 locis

229 3161 263 3223 at
285 3156 318 3222 in
340 3154 449 3221 multis
472 3151 650 3220 hominibus
673 3149 828 3234 intellexi,
852 3151 900 3217 ita
927 3152 1131 3233 praestabat,
1156 3155 1193 3215 ut

300 3390 326 3461 *l
346 3389 409 3445 The
427 3389 516 3445 Duke
536 3370 570 3444 ol
584 3385 762 3443 Naucastle.
