2852 4152
164 319 1284 434 ..l-...................l.

246 451 334 515 omni
354 452 409 515 tali
427 455 630 520 monimento
644 456 797 521 illustrius
815 462 872 538 est,
896 458 1065 542 quodsihi
1080 460 1114 523 in
1126 459 1206 524 Ges·
1225 427 1236 536 i

245 578 324 622 nero
352 559 522 642 disciplina
543 582 602 626 sua
618 565 855 628 conformando
871 566 1011 647 peperit,
1036 569 1068 630 et
1088 571 1206 631 nactus

246 669 295 728 est
318 665 360 728 ab
384 667 480 731 huius
505 673 598 748 grata
622 671 818 752 eloquentia,
846 692 913 753 qua
936 671 1110 754 imaginem
1134 673 1204 737 eius

246 775 412 855 expressit.
469 777 525 840 llle
563 782 676 842 autem
714 779 846 844 mirifice
882 779 1105 844 delectabatur
1137 780 1201 844 hoc

246 899 345 962 opere
362 882 551 965 disciplinae
567 905 655 964 suae,
680 886 909 966 gaudebatque
933 906 968 950 se
984 886 1026 949 ab
1044 885 1202 967 discipulo

246 987 394 1052 doctrina
425 994 457 1053 et
491 991 675 1072 eloquentia
710 993 867 1074 superari.
918 993 1031 1073 Itaque
1059 1012 1134 1055 cum
1161 993 1205 1056 ad

246 1112 320 1157 eum
344 1095 521 1175 scribebat,
550 1097 703 1161 utebatur
733 1097 794 1161 hac
816 1099 1087 1181 praescriptione:
1118 1099 1203 1163 Len-

244 1201 332 1264 tulus
350 1202 498 1267 Ciceroni
522 1224 593 1268 suo.
635 1205 670 1268 ln
694 1206 849 1270 institutis
871 1207 929 1270 viri
952 1207 1059 1286 huius,
1083 1206 1206 1288 quibus
1240 1203 1241 1206 ’

245 1327 321 1371 eum
344 1309 440 1389 longe
464 1331 483 1373 a
507 1312 594 1374 lastu
617 1313 838 1394 paedagogico
863 1313 1016 1392 abluisse,
1045 1317 1077 1376 et
1100 1313 1206 1376 varie-

244 1415 303 1478 tati
327 1415 530 1494 ingeniorum
557 1419 810 1482 accommodare
839 1419 973 1482 solitum
1001 1419 1205 1500 disciplinam
1335 1416 1337 1422 ’

245 1526 366 1603 pateat,
391 1523 454 1588 hoe
476 1527 618 1589 maxime
646 1527 899 1608 numeraverim,
924 1528 1015 1608 quod
1039 1527 1206 1590 Gesnerus

246 1629 381 1693 libenter
415 1634 583 1697 narrabat.
636 1633 719 1697 Cum
750 1633 782 1696 in
816 1633 1010 1700 lectionibus
1044 1633 1206 1696 tradenda

245 1737 389 1816 videbat,
423 1759 507 1819 quae
534 1741 577 1804 ad
602 1739 781 1804 Gesnerum
808 1740 886 1814 nihil
913 1739 1124 1822 pertinerent,
1154 1740 1208 1803 in·

244 1845 484 1926 telligebatque,
505 1865 590 1925 eum,
604 1846 630 1910 si
642 1846 721 1909 nihil
734 1847 832 1924 aliud,
851 1850 938 1910 certe
951 1845 1030 1909 nihil
1042 1849 1206 1927 acturum,

245 1953 335 2032 quod
359 1954 412 2015 vix
436 1953 558 2034 sperari
581 1958 691 2035 potest
714 1955 747 2017 in
771 1954 934 2018 alacrioris
955 1953 1075 2035 ingenii
1090 1974 1207 2036 puer0,

245 2065 277 2124 et
296 2065 426 2146 tempus
443 2062 664 2143 perditurum,
689 2063 866 2140 adferebat,
890 2062 980 2143 quod
1003 2062 1073 2143 ipse
1093 2066 1209 2141 ageretv

245 2170 419 2249 separatim
443 2190 462 2233 a
487 2171 612 2248 ceteris,
638 2171 747 2234 locum
771 2170 984 2233 difficiliorem
1007 2170 1207 2251 escriptore

245 2272 383 2346 Graeco,
414 2280 471 2339 aut
494 2296 511 2340 e
537 2276 656 2342 Codice
680 2277 855 2354 HebraicO,
881 2294 979 2357 saepe
1010 2276 1106 2338 etiam
1136 2295 1206 2339 una

245 2382 488 2446 continuatione
517 2389 548 2446 et
579 2383 649 2445 sine
677 2382 866 2445 accentibus
897 2381 1072 2463 scriptum,
1102 2381 1204 2444 verba

230 2486 321 2549 item
345 2487 468 2551 Graeca
492 2491 548 2550 aut
571 2487 744 2562 Hebraica,
770 2491 890 2551 temere
914 2507 952 2550 ac
975 2487 1065 2549 nullo
1090 2487 1206 2552 ordine

244 2599 410 2667 contexta,
439 2613 539 2674 quae,
570 2594 648 2657 dum
677 2597 803 2657 ceteros
832 2593 975 2671 doceret,
1006 2592 1075 2673 ipse
1100 2594 1202 2675 expli-

243 2703 392 2783 plicaret,
423 2705 455 2764 et
483 2701 599 2766 deinde
627 2701 786 2784 explicata
814 2700 1016 2782 praeceptori
1043 2701 1202 2765 traderet:

243 2829 309 2889 qua
343 2829 378 2872 re
413 2809 547 2872 mirifice
582 2809 800 2872 adolescentis
835 2809 1002 2890 ingenium
1030 2809 1074 2871 ad
1101 2829 1204 2890 quae·

242 2918 382 2980 rendum
413 2921 445 2980 et
471 2915 735 2998 investigandum
767 2917 956 2981 acuebatur.
1009 2917 1093 2980 Cum
1122 2915 1201 2978 nihil

243 3024 386 3088 attulerIt
415 3042 475 3104 per
497 3022 578 3085 tales
604 3023 807 3101 occasiones,
837 3022 1024 3104 patiebatur
1053 3042 1127 3086 eum
1150 3022 1201 3085 in·

243 3135 332 3195 terea
356 3131 435 3194 alias
458 3150 510 3194 res
534 3133 685 3208 tractare,
709 3129 819 3194 literas
843 3130 1002 3210 Syriacas.
1032 3125 1199 3210 Arabicas

242 3239 465 3320 Aethiopicos,
489 3237 729 3315 SamaritanaS,
753 3237 902 3318 pingere,
927 3241 984 3300 aut
1007 3237 1048 3300 ad
1074 3237 1200 3318 legendi

242 3345 432 3410 facultatem
448 3345 599 3424 exerceri,
621 3344 833 3425 suppeditatis
851 3344 947 3407 etiam
963 3343 1064 3407 libris
1092 3342 1202 3424 Atque
