2852 4152
131 445 143 479 ³
209 481 251 524 an
268 482 286 526 e
309 483 433 545 paucos
449 485 555 531 annos
571 487 643 530 mor
660 445 721 530 uus
738 486 772 530 es
790 512 796 524 .
877 448 940 547 quc
957 485 974 528 e
989 484 1052 527 ram
1063 467 1170 546 “opera

210 571 279 634 eius
303 571 335 634 in
360 575 459 638 rebus
479 575 629 656 privatis,
659 594 743 656 quae
771 574 903 654 quidem
930 573 973 636 ad
996 571 1170 635 literariam

210 697 280 741 rern
316 679 531 760 pertinerent,
565 681 727 746 utebatur.
774 681 842 745 Nec
874 701 912 744 eo
943 678 1096 742 utebatur
1132 680 1170 740 ut

209 784 371 866 ministro,
407 789 465 852 sed
500 792 536 852 ut
563 790 683 867 amice,
719 807 818 870 saepe
847 789 946 851 etiam
976 785 1169 863 consiliario,

211 894 423 977 omniumque
461 897 623 961 bonorum
663 917 797 960 suorum
835 896 868 958 in
907 893 1171 959 communionem

210 1001 359 1066 vocabat.
405 1003 443 1066 Ei
466 1003 661 1067 bibliotheca
685 1004 742 1066 riri
766 1004 912 1085 patebat:
940 1002 1043 1065 multo
1067 1000 1171 1080 magis

211 1108 295 1189 ipse,
326 1109 357 1175 h.
381 1130 407 1175 e.
432 1111 596 1190 doctrina,
626 1112 810 1190 consilium,
840 1113 978 1174 animus.
1026 1111 1109 1174 Cum
1133 1129 1171 1172 eo

210 1235 307 1297 saepe
331 1217 487 1282 disserere
510 1219 543 1282 in
567 1219 679 1296 horto,
708 1219 835 1299 quoties
863 1237 914 1281 res
939 1220 971 1279 ct
993 1217 1172 1297 tempestas

211 1324 341 1403 sineret,
366 1325 593 1402 deambulare;
617 1327 746 1407 quoties
771 1326 873 1388 otium
893 1344 990 1390 suum
1007 1323 1172 1387 oblectare

210 1431 314 1510 vellet,
333 1431 514 1497 Gesnerum
529 1451 656 1512 vocare,
677 1453 745 1497 non
765 1435 866 1496 modo
882 1435 919 1497 ut
935 1433 967 1496 in
984 1431 1172 1496 societatem

213 1538 441 1603 oblectationis
464 1541 599 1618 reniret,
623 1541 680 1603 sed
704 1543 739 1602 ut
763 1559 835 1603 eam
859 1538 958 1602 etium
981 1537 1100 1616 ingenii
1121 1537 1172 1601 sui
1239 1617 1241 1622 ι

121 1670 124 1682 ¹
211 1666 466 1728 sermonumque
509 1649 706 1711 amoenitate
750 1650 894 1728 augeret.
952 1646 1028 1708 Erat
1061 1648 1172 1708 autem

210 1752 378 1835 Buddeus‚
409 1759 445 1818 nt
473 1756 754 1819 commemorabat
778 1755 954 1833 Gesnerus,
983 1754 1016 1816 in
1044 1773 1173 1816 summa

213 1863 387 1942 gravitate,
415 1867 540 1942 tamen,
576 1882 649 1928 cunr
681 1865 828 1928 animum
855 1863 1039 1938 remiserat,
1069 1863 1101 1924 et
1129 1861 1172 1924 ab

213 1967 365 2033 laborum
389 1971 558 2034 seueritate
582 1971 624 2033 ad
649 1971 704 2034 otii
728 1969 926 2033 hilaritatem
950 1968 1170 2046 descenderat,

211 2075 367 2140 mirificae
395 2076 567 2152 comitatis;
601 2077 691 2140 cuius
722 2080 792 2140 turn
819 2076 1065 2159 opportunitate
1093 2095 1172 2140 usus

216 2183 378 2248 Gesnerus
429 2183 575 2249 eliciebat
620 2205 787 2249 sermones
833 2186 874 2248 de
920 2184 1171 2265 quibuscunque

213 2291 312 2355 rebus
346 2291 456 2371 vellet,
493 2294 525 2360 h.
552 2313 579 2359 e.
608 2314 691 2374 quas
719 2295 860 2358 maxime
876 2291 1086 2375 “cognoscere
1114 2309 1171 2356 cu-

212 2403 321 2481 peret,
350 2420 409 2465 nec
438 2421 585 2482 unquam
609 2402 651 2464 ab
675 2402 728 2465 tali
753 2421 917 2481 sermone,
945 2401 1007 2464 nisi
1035 2401 1171 2479 doctior,

214 2509 396 2573 recedebat.
437 2509 472 2572 ln
497 2510 558 2573 hac
583 2511 681 2574 domo
706 2509 804 2574 etiam
827 2513 942 2573 natum
965 2509 1108 2592 primum
1124 2513 1172 2574 est

214 2617 359 2680 studium
382 2617 537 2682 historiae
560 2618 732 2696 literariae,
758 2618 848 2682 cuins
872 2617 1046 2682 discendae
1070 2621 1101 2681 et
1124 2618 1173 2682 bi·

212 2723 377 2787 bliotheca
401 2723 623 2805 copiosissima
647 2728 678 2788 et
693 2725 796 2788 multo
816 2725 919 2804 magis
936 2724 1086 2788 dominus
1103 2725 1173 2789 eius

212 2829 357 2912 amplam
396 2828 587 2894 facultatem
621 2832 731 2896 dabat.
793 2833 944 2897 Ceterum
980 2850 1055 2896 curn
1089 2832 1173 2896 bene

212 2938 400 3018 intelligeret
428 2938 599 3019 BuddeuS,
629 2944 754 3020 quanta
784 2940 920 3004 materia
948 2944 1035 3004 esset
1061 2939 1095 3002 in
1122 2939 1173 3003 in-

215 3047 309 3127 genio
340 3046 488 3126 Gesneri,
524 3053 556 3111 et
591 3047 655 3110 iam
691 3049 789 3111 etiam
822 3047 970 3110 doctrina
1004 3048 1037 3110 in
1065 3047 1172 3110 multis

213 3154 385 3235 generibus
418 3154 599 3233 literarum,
628 3155 841 3237 inprimisque
869 3156 901 3218 in
929 3175 984 3234 e0,
1012 3155 1103 3235 quod
1130 3155 1173 3218 ad

213 3260 450 3325 humanitatem
473 3263 665 3343 pertineret,
691 3263 944 3343 confideretque,
974 3263 1006 3324 in
1031 3281 1070 3326 eo
1093 3262 1172 3326 doc-

214 3372 321 3431 torem
339 3367 553 3432 excellentem
573 3368 757 3433 habituram
773 3390 843 3434 esse
859 3371 1060 3434 iuventutem
1076 3368 1173 3434 scho-

613 3619 773 3669 ..11-
