2852 4152
304 533 436 597 Initium
454 532 612 596 faciamus
629 552 648 595 a
664 531 829 610 religionis
845 529 1028 595 reverentia
1045 533 1206 594 elamore

240 644 341 724 atque
364 641 486 724 pietate
507 639 540 703 in
556 641 670 704 Deum.
707 641 746 703 Et
766 629 960 719 religionem
975 639 1108 721 quidem
1124 639 1206 702 tanti

205 813 206 816 ,
240 748 396 829 faciebat,
432 747 465 811 in
501 766 605 829 eaque
639 750 769 810 tanturn
804 746 946 810 hominis
978 747 1104 810 bonum
1135 766 1223 810 esse¹

242 857 411 935 censebat,
435 876 456 919 u
492 857 618 934 generis
642 854 779 918 humani
803 873 996 918 eonrmunes
1020 854 1133 918 hostes
1157 854 1207 918 iu·

242 961 365 1026 dicaret
390 965 422 1026 et
445 965 617 1044 propterea
641 961 717 1024 odio
734 961 892 1024 acerrimo
910 961 1038 1042 dignos
1062 961 1116 1042 qui
1134 981 1207 1024 eam

242 1069 368 1152 eripere
392 1070 590 1148 hominibus
616 1073 673 1132 aut
698 1069 767 1132 eius
792 1069 982 1148 dignitatem
1010 1069 1208 1132 labefactare

243 1181 453 1241 conarentur.
506 1176 578 1258 lpse
608 1176 778 1240 veritatem
808 1175 1011 1240 Christianae
1042 1175 1208 1255 religionis

243 1287 276 1347 et
299 1283 537 1365 praestantiam
566 1303 666 1347 sensu
694 1282 798 1362 magis
828 1285 860 1345 et
884 1282 1083 1364 experientia
1108 1303 1209 1365 quarn

243 1389 421 1455 subtilitate
461 1389 707 1453 demonstrandi
751 1410 785 1452 se
828 1389 1022 1470 cognovisse
1068 1389 1208 1470 dicebat,

243 1497 437 1581 praesertim
473 1498 505 1561 in
533 1497 725 1579 periculosis
753 1497 891 1575 morbiS,
921 1517 995 1560 eum
1025 1497 1107 1561 vitae
1134 1497 1209 1560 finis

243 1605 359 1670 adesse
382 1603 559 1669 videretur:
589 1622 655 1666 non
684 1623 750 1685 quo
778 1603 876 1684 plane
904 1607 1129 1668 contemneret
1153 1604 1211 1666 de·

244 1712 499 1778 monstrationes
524 1731 544 1775 a
566 1711 642 1775 viris
667 1697 772 1776 doctis
794 1714 948 1790 tentatas,
974 1712 1031 1774 sed
1048 1711 1138 1793 quod
1154 1731 1210 1774 eas

245 1820 315 1884 aliis
339 1821 459 1902 magiS,
484 1840 584 1903 quam
609 1820 862 1883 demonstratori
888 1820 1060 1900 prodesse,
1089 1819 1210 1901 magis-

245 1949 310 2010 que
339 1929 382 1992 ad
410 1928 598 1992 alliciendos
621 1925 768 2008 animos,
798 1947 899 2009 quam
923 1927 965 1990 ad
991 1931 1114 1991 certam
1137 1947 1210 2008 per·

246 2036 435 2100 suasionem
469 2035 586 2114 valere,
620 2039 792 2113 πληροφορίαν
825 2035 915 2099 illam
950 2038 1066 2116 πίστεως,
1102 2055 1212 2099 rerum

246 2144 469 2208 humanarum
493 2147 525 2207 et
547 2144 661 2207 mortis
686 2143 787 2226 ipsius
804 2144 980 2225 victricem,
1005 2145 1047 2209 ab
1068 2163 1169 2208 sensu
1193 2163 1213 2206 a

247 2251 370 2334 Spiritu
397 2250 430 2316 S.
459 2251 620 2333 impresso
645 2251 756 2314 venire
787 2251 996 2317 existimaret.
1041 2252 1151 2315 Pietas
1179 2251 1212 2314 in

247 2359 356 2426 Deum
381 2361 451 2421 erat
467 2358 605 2438 integra,
630 2359 719 2422 nulla
736 2358 956 2422 ostentatione
977 2360 1094 2438 fucata,
1119 2359 1213 2422 saetis

248 2466 353 2549 magis
377 2486 479 2549 quarn
503 2467 612 2549 speeie
636 2471 668 2530 et
691 2466 797 2530 verbis
822 2486 857 2530 se
881 2467 1066 2548 proferens,
1093 2467 1214 2530 totius-

250 2594 314 2658 que
341 2575 427 2638 vitae
455 2574 681 2638 moderatione
711 2577 742 2637 et
772 2574 945 2655 aequitate.
993 2574 1077 2638 Nam
1106 2594 1214 2656 neque

250 2683 282 2747 in
312 2685 411 2747 rebus
441 2682 608 2762 secundiS,
632 2701 718 2764 quae
748 2683 776 2746 ei
807 2682 989 2764 pervitam
1013 2682 1214 2764 propeuni-

250 2810 393 2855 versam
416 2791 595 2870 contigere,
632 2790 836 2868 efferebatur,
872 2809 980 2872 neque
1008 2790 1040 2852 in
1072 2790 1215 2853 aduersis

251 2899 297 2962 ita
327 2899 580 2982 deprimebatur,
610 2902 647 2962 ut
675 2918 710 2962 se
738 2899 780 2962 ad
808 2898 1008 2980 aequitatem
1035 2897 1135 2961 animi
1165 2901 1215 2960 at-

251 3005 366 3070 tollere
389 3025 458 3069 non
481 3009 604 3088 posset.
645 3005 681 3068 ln
705 3004 867 3086 perieulis,
892 3024 977 3087 quae
1001 3003 1218 3069 imminebant

253 3113 436 3195 Gottingae,
462 3115 642 3194 antequam
665 3112 782 3176 iterum
806 3115 977 3192 caperetur
1000 3112 1042 3175 ab
1057 3110 1217 3190 hostibuS,

253 3219 497 3284 consuefaceret
521 3217 678 3298 animum,
703 3218 839 3282 meliora
855 3237 998 3299 sperare,
1022 3217 1124 3280 fretus
1140 3237 1217 3299 pro-

197 3375 204 3390 .
251 3326 395 3391 videntia
425 3325 547 3391 divina:
579 3345 653 3389 eum
686 3345 780 3390 secus
812 3324 986 3404 euenisset,
1023 3324 1106 3388 ferre
1133 3343 1218 3406 quae

253 3434 457 3504 accidissent.
516 3433 664 3497 Eximere
700 3451 793 3514 spem
828 3430 1041 3506 conantibus,
1081 3430 1217 3513 intereo,

758 3556 762 3562 ’
1246 3570 1254 3664 Ι

225 3596 236 3690 l'
654 3678 817 3734 -44-
