2852 4152
228 405 234 558 ἕ
263 472 443 558 Algebram
466 477 653 551 tractasset;
682 473 886 556 negabatque
913 472 1091 556 perfectam
1117 473 1227 539 huma·

228 557 233 672 i
263 581 377 648 nitatis
401 581 578 648 doctrinam
601 581 670 647 sine
694 580 752 647 illa
766 581 904 648 scientia
919 581 1105 664 contingere
1120 599 1225 662 posse.

227 673 232 764 i
262 690 310 755 ut
332 688 476 756 studiose
499 688 740 754 commendabat
767 687 1024 754 adolescentibus
1046 687 1130 753 hanc
1152 687 1225 752 doc·

227 767 232 884 }
263 796 381 862 trinam
405 815 470 878 qua
490 794 588 862 etiam
605 793 735 878 ingenia
751 798 944 862 acuerentur
959 793 1002 859 ad
1017 811 1109 860 omne
1123 813 1225 877 genus
1246 813 1253 892 p

888 403 906 412 m
914 405 923 412 ι.
930 403 933 412 ι
940 405 961 413 ’.ι
983 405 998 415 -ιι
1004 409 1010 416 ι
1016 407 1208 422 mmmm-muham»
1214 321 1300 425 nul-„m

263 904 429 971 doctrinae
463 908 552 970 recte
586 901 839 985 percipiendum,
873 905 907 967 et
940 901 983 968 ad
1017 893 1252 968 coercendaml

261 1011 385 1096 ingenii
407 1010 585 1093 lasciviam,
610 1011 917 1093 comparandamque
940 1013 1064 1087 ἀκρίβειαν
1086 1009 1224 1077 inomni

260 1138 380 1203 genere
403 1119 579 1186 doctrinae.
1244 1185 1250 1228 ς

327 1227 511 1293 Historiam
533 1247 597 1294 non
619 1227 710 1292 modo
733 1229 868 1292 veterem
889 1225 937 1290 ita
957 1231 1162 1309 cognoverat,
1186 1231 1224 1292 ut
1243 1239 1250 1344 p

222 1351 228 1394 r
260 1335 442 1416 excelleret,
479 1335 536 1402 sed
571 1335 670 1402 etiam
698 1334 905 1400 recentiorem
934 1352 998 1400 non
1024 1334 1221 1418 neglexerat.

221 1395 228 1519 i
261 1442 372 1509 Lexici
396 1442 553 1526 historici,
578 1444 662 1526 quod
685 1442 846 1509 eBuddei
868 1441 1019 1508 instituto
1034 1462 1092 1524 per
1109 1443 1221 1508 Thom.

220 1530 227 1684 f
259 1548 456 1616 Fritschium
479 1556 625 1616 curatum
640 1554 700 1632 est,
717 1569 788 1616 cum
806 1548 904 1615 editio
922 1549 1027 1615 altera
1041 1555 1221 1634 pararetur,
1242 1563 1248 1638 p

220 1685 225 1746 ξ
260 1655 291 1721 ei
313 1657 466 1724 mandata
490 1663 638 1739 estpars
662 1676 711 1738 ea,
736 1675 818 1738 quae
842 1657 884 1722 ad
899 1655 1170 1724 Brunsvicensem
1188 1663 1222 1724 et

103 1808 127 1850 ,⁴
219 1747 225 1862 ξ
259 1763 560 1847 Brandeburgicam
583 1763 753 1831 historiam
774 1763 962 1846 pertineret.
1009 1765 1056 1830 Et
1083 1765 1221 1845 quaein

218 1861 224 1986 J
258 1869 484 1937 Relationibus
509 1871 549 1937 de
571 1870 663 1937 libris
686 1869 778 1939 novis
800 1872 866 1953 IX,
885 1879 903 1936 9
927 1870 1068 1951 itemque
1091 1870 1125 1936 in
1146 1891 1218 1953 pro-

218 1963 219 1966 *
258 1977 382 2043 lusione
412 1977 521 2060 aliqua
548 1979 588 2044 de
611 1976 744 2044 Russici
769 1976 904 2061 Imperii
934 1977 1071 2044 historia
1098 1977 1244 2096 scriptaj

258 2088 343 2166 sunt,
367 2103 407 2150 ea
429 2101 506 2151 vero
528 2083 577 2151 ita
600 2086 737 2168 probata
759 2089 845 2168 sunt,
873 2089 910 2151 ut
933 2085 1031 2150 etiam
1054 2083 1218 2152 Oommcn·

215 2255 221 2302 Ι
256 2190 350 2258 tariis
373 2190 572 2259 Academiae
595 2191 862 2275 Petropolitanae
888 2188 1116 2259 insererentur.
1148 2195 1218 2260 Ha·
1253 2251 1256 2257 .

257 2298 373 2364 buerat
396 2297 490 2365 huius
513 2298 670 2366 scientiae
693 2299 860 2382 augendae
876 2297 1103 2381 amplissimam
1119 2299 1218 2367 facul·

256 2408 359 2470 tatem
381 2404 416 2472 in
437 2405 633 2474 bibliotheca
648 2405 846 2488 Vinariensi,
871 2424 935 2488 qua
958 2406 1096 2475 vinalia
1119 2409 1218 2475 estin

256 2515 316 2580 hoc
344 2531 464 2594 genere
491 2514 689 2598 locupletior.
739 2511 915 2597 Attigerat
943 2512 1041 2581 etiam
1070 2516 1096 2581 J
1097 2535 1134 2582 us
1164 2515 1217 2584 Oi·

229 2633 231 2637 ’
255 2623 321 2692 vile
343 2625 537 2704 Romanum,
561 2628 771 2706 praeceptore
799 2623 898 2688 Laur.
926 2621 1032 2689 Andr.
1056 2623 1216 2690 Hamber·

254 2749 344 2814 gero,
369 2751 463 2812 quem
480 2726 647 2797 Gravinae
663 2728 816 2812 Origines
830 2731 857 2796 J
857 2728 924 2796 uris
947 2728 1216 2812 interpretantem

254 2839 280 2904 J
282 2857 362 2905 enac
378 2837 535 2904 audierat.
570 2837 686 2918 Neque
702 2836 786 2904 enim
801 2836 983 2919 ignorabat,
1005 2855 1099 2918 quam
1114 2838 1216 2904 mrdta

255 2950 363 3012 essent
384 2945 419 3012 in
433 2943 523 3010 libris
539 2943 676 3025 Latinio,
701 2963 784 3026 quae
799 2944 867 3010 sine
882 2943 962 3011 iruis
977 2943 1063 3011 illius
1079 2944 1215 3012 scientia

254 3054 334 3120 satis
357 3050 496 3134 intelligi
519 3055 553 3118 et
576 3051 731 3135 exphcari
753 3070 816 3118 non
838 3056 979 3135 possent.

320 3160 461 3226 Latinae
482 3159 679 3243 eloquentiae
697 3178 759 3225 non
777 3145 1019 3241 praeceptorem
1038 3157 1142 3242 magis
1158 3178 1212 3224 ex·

254 3269 430 3350 cellentem,
462 3286 557 3350 quam
585 3267 764 3348 exemplum
786 3265 1000 3332 rectissimum
1030 3269 1064 3330 et
1087 3266 1212 3348 perpdl·

254 3395 342 3443 crum
366 3375 475 3460 fuisse,
505 3393 596 3442 nemo
620 3372 828 3443 dubitaverit.
875 3374 1060 3458 Praecepta
1086 3371 1214 3440 dicendi

165 3498 257 3510 m
206 3511 212 3600 Ι
279 3500 811 3524 ΜῊιἪιηΜΜΜΑμΕ-ιε
816 3515 1275 3535 *uu-”mmmmm

610 3624 809 3676 ¹-82-
