2852 4152
203 491 341 556 nondum
371 493 518 558 absoluta
548 494 682 560 Scholae
713 496 975 564 exaedificatione
999 504 1038 565 'et
1067 501 1163 567 domi-

203 598 275 679 cilii,
305 600 390 680 quod
418 600 448 666 ei
471 601 703 685 destinabatur,
732 604 856 686 longius
879 608 919 670 ab
944 609 1053 673 schola
1076 610 1163 674 habi·

201 711 298 787 taret,
323 709 448 789 publice
471 710 609 775 dabatm
625 713 768 793 pecunia,
793 718 829 778 ut
850 715 960 779 sellam
976 716 1164 797 adopertam

202 815 403 897 conduceret,
429 837 491 898 qua
515 819 634 883 deferri
657 819 689 884 in
713 822 853 886 scholam
874 827 916 902 et,
942 823 1038 888 linitis
1055 825 1162 890 lectio·

203 921 307 1003 nibus,
332 923 448 988 referri
475 924 600 988 domum
623 931 742 1006 posset.
779 926 843 991 Sed
867 928 1003 992 onmium
1027 931 1163 996 maxime

201 1037 235 1095 et
258 1031 514 1097 constantissime
536 1052 606 1096 eum
622 1035 752 1097 amabat
768 1053 806 1098 ac
822 1037 975 1100 tuebatur
991 1036 1160 1117 Stiulitins,

201 1137 337 1204 Scholae
357 1141 542 1206 Tlromanae
566 1146 633 1206 tum
649 1141 799 1222 Curator,
825 1143 878 1222 qui
902 1143 999 1208 etiam
1022 1165 1162 1210 1111111

201 1247 335 1312 eiusad
359 1253 536 1314 extremum
559 1249 607 1313 ita
630 1250 844 1330 conseruauit,
872 1256 909 1315 ut
933 1252 1029 1316 etiam
1053 1252 1161 1316 1111111

200 1355 339 1420 Gesneri
372 1356 497 1421 nomine
531 1356 698 1436 gauderet.
749 1358 942 1424 Incredibile
977 1360 1063 1425 dictu
1099 1367 1159 1439 est,

200 1467 353 1542 quantum
377 1463 511 1528 Sclrolae
534 1463 579 1526 illi
603 1463 770 1544 prefuerit,
795 1483 857 1529 non
881 1465 971 1530 modo
994 1467 1160 1549 disciplina

201 1569 268 1634 eius
292 1569 411 1635 rectius
435 1589 474 1634 ac
496 1570 587 1636 noris
610 1570 735 1651 legibus
760 1572 982 1638 constituenda
1003 1579 1036 1638 et
1051 1582 1159 1641 aucto·

199 1675 299 1742 ritate
333 1677 484 1757 regenda,
522 1677 579 1741 sed
615 1677 711 1741 etiam
739 1677 841 1742 literis
872 1697 956 1744 nova
984 1685 1051 1745 tum
1075 1684 1160 1764 apud

199 1802 257 1848 nos
292 1787 326 1848 et
360 1783 550 1864 1111111111
584 1783 709 1849 ratione
737 1784 911 1849 tradendis.
959 1786 1030 1851 Nec
1057 1788 1159 1856 nimus

199 1888 334 1954 dixerim
357 1889 505 1954 meritum
530 1890 569 1953 de
592 1889 695 1954 literis
711 1889 879 1955 uniuersis
913 1893 998 1956 Nam
1014 1894 1158 1974 profecto

199 1996 296 2062 etiam
330 1995 450 2061 rectius
486 2014 524 2060 ac
558 1995 669 2060 melius
705 1995 745 2060 de
779 1996 881 2061 literis
911 1999 1157 2083 humanioribus,

199 2123 370 2184 earumque
393 2123 472 2170 vera
496 2109 530 2168 et
549 2104 635 2169 iusta
651 2103 794 2184 scientia,
820 2109 853 2170 et
869 2105 986 2170 Latine
1002 2107 1158 2173 scribendi

196 2212 367 2292 facultate,
398 2211 553 2293 iudicare,
585 2217 712 2277 nostros
740 2212 881 2277 homines
905 2213 1010 2294 coepit
1033 2214 1156 2281 docere.

196 2319 289 2404 Quae
323 2339 376 2385 res
412 2319 441 2384 ei
476 2319 572 2384 etiam
603 2319 755 2386 inuidiam
783 2320 868 2401 apud
895 2322 1060 2386 nonnullos
1085 2341 1155 2388 cou-

196 2427 314 2507 traxit,
351 2426 405 2507 qui
439 2445 509 2490 cunr
543 2426 576 2490 in
603 2425 652 2490 nis
680 2425 782 2491 literis
810 2431 887 2491 ante
914 2426 1027 2491 crediti
1050 2433 1156 2493 essent

196 2535 363 2614 excedere,
394 2553 430 2599 eo
455 2533 592 2614 cogmt0,
617 2552 765 2617 magnam
788 2533 945 2614 pristinae
969 2533 1009 2599 de
1032 2553 1067 2599 se
1090 2534 1155 2616 opi-

196 2642 299 2707 nionis
330 2641 576 2707 deminutionem
605 2641 725 2706 factam
755 2641 947 2706 sentiebant.
1001 2640 1156 2722 Augebat

194 2748 346 2815 invidiam
369 2747 542 2830 primorum
564 2747 597 2811 in
621 2766 657 2812 11
681 2753 813 2829 praeter
836 2753 962 2813 ceteros
985 2748 1154 2830 laudando,

195 2857 324 2921 colendo
356 2861 390 2921 et
420 2851 561 2920 ornando
589 2854 952 2921 i1msitatumstmlium:
986 2875 1079 2936 quam
1102 2855 1155 2921 ille

194 2967 302 3029 tamen
336 2963 502 3044 modestia,
539 2967 572 3028 et
607 2982 728 3028 summa
759 2963 792 3028 in
820 2983 928 3030 omnes
956 2963 1155 3030 humanitate

192 3071 293 3136 lenire
328 3072 486 3136 tentabat.
539 3070 603 3136 Sed
638 3069 705 3136 eius
740 3069 916 3136 valetudini
944 3076 1009 3151 abr,
1038 3070 1152 3152 vicum,

192 3177 361 3259 imprimis,
385 3183 422 3242 ut
444 3177 515 3259 ipse
537 3177 656 3259 aiebat,
686 3187 770 3259 apua
793 3197 856 3242 non
878 3179 960 3242 bene
984 3177 1153 3244 convenire

192 3285 372 3351 videbatur.
423 3287 509 3350 Nam
540 3287 725 3368 plerumque
755 3304 818 3350 non
849 3284 944 3350 statis
975 3283 1087 3364 valuit,
1120 3289 1153 3348 et

192 3391 242 3459 bis
265 3393 312 3458 ita
335 3392 529 3476 aegrotarit,
554 3399 592 3459 ut
613 3393 702 3460 ritae
722 3393 896 3475 periculum
913 3391 1028 3474 adiret,
1053 3391 1152 3457 semel

103 3535 624 3680 Τ····“··’···“··“···””ῑῑ
856 3554 1222 3667 -·······-···-‹-

1041 3726 1072 3770 20
