2852 4152
196 613 275 659 suae
297 600 394 675 atque
418 595 515 661 etiam
537 597 659 679 gloriae
682 601 808 678 partem
823 596 990 663 verissime
1006 600 1155 680 ponebat,

197 702 294 782 quod,
318 701 466 782 quimpnid
488 704 541 769 vel
564 704 796 769 commodorum
822 704 874 770 vel
897 709 1156 770 ornamentorum

157 841 158 844 ¹
198 808 259 874 sibi
283 808 462 891 Gottingae
486 810 688 892 contigisset,
717 810 750 875 id
778 830 869 876 omne
893 811 932 876 de
955 831 1051 876 mann
1073 811 1157 877 illins

197 921 363 997 acceptum
394 921 531 982 1111111.
586 917 650 983 Sed
680 917 885 999 multiplicem
914 937 1085 1000 personam
1113 918 1158 984 ibi

199 1023 393 1104 sustinebat,
434 1023 568 1105 primum
602 1024 804 1090 Professoris
842 1025 1052 1091 humanitatis
1090 1026 1157 1091 uni-

159 1173 160 1176 =
197 1149 328 1211 versae,
368 1130 483 1196 deinde
522 1131 778 1212 Bibliothecarii,
819 1132 949 1197 tertiam
987 1131 1158 1198 Antistitis

199 1237 367 1303 Seminarii
405 1237 602 1320 Philolcgioi,
642 1244 789 1319 quartam
828 1239 1026 1320 Inspectoris
1061 1239 1157 1306 Scho-

198 1345 301 1409 larum
328 1364 387 1426 pcr
417 1346 658 1427 Lnneburgicas
687 1351 794 1412 terras
824 1346 1056 1412 universarum.
1106 1345 1158 1412 Ac

199 1451 334 1533 primum
358 1451 483 1532 quidem
506 1453 659 1532 quomodo
685 1453 884 1535 sustinuerit,
909 1453 935 1519 si
952 1453 1025 1518 Tibi
1045 1453 1157 1535 dicam,

200 1559 374 1624 Ruhnkeni
391 1558 591 1641 Clarissimo,
616 1560 764 1626 iniuriam
786 1559 917 1626 fecerim
940 1561 1054 1626 iudicio
1078 1561 1158 1626 Tuo.

268 1665 537 1731 Bibliotheccrc'ns
560 1667 663 1748 qualis
687 1667 795 1748 fucrit,
821 1686 868 1749 ea,
894 1687 976 1748 quae
999 1668 1039 1734 de
1059 1667 1159 1736 Vina-

201 1772 315 1850 riensis
349 1772 541 1838 bibliotheca
577 1773 742 1840 nmatione
777 1774 863 1839 dicta
898 1780 982 1856 sunt,
1020 1779 1053 1840 et
1083 1793 1159 1841 vero

201 1879 298 1945 etiam
317 1880 484 1962 multiplex
504 1881 687 1963 linguarum
714 1888 747 1947 et
774 1882 989 1947 doctrinarum
1016 1880 1160 1963 scicntia,

202 2006 358 2067 quaerere
373 2007 437 2052 non
453 1987 571 2053 sinunt.
603 1989 680 2070 Ipse
696 1993 804 2053 antem
827 2008 890 2054 non
912 1989 1003 2054 modo
1028 1987 1162 2054 scientia

201 2093 522 2160 Bibliothecariorum
545 2095 682 2160 omnium
704 2096 801 2177 longe
823 2095 972 2178 princeps
997 2099 1077 2177 1111,
1106 2095 1162 2160 sed

203 2201 300 2266 etiam
324 2201 564 2282 elegantissima
587 2203 801 2284 humanitate,
831 2209 865 2269 et
893 2207 1083 2285 exprompta
1106 2202 1160 2266 ad-

202 2327 316 2375 versus
344 2309 487 2390 hospites
519 2308 687 2375 facilitate.
739 2309 873 2394 Quoties
902 2310 944 2374 ad
971 2328 1048 2374 usus
1081 2327 1161 2374 com·

202 2435 313 2480 munes
337 2418 472 2496 patebat
494 2415 713 2498 Bibliotheca,
733 2417 803 2498 ipse
830 2421 960 2498 praesto
989 2434 1074 2496 esse,
1103 2415 1162 2480 cir-

204 2521 332 2603 cumire,
357 2522 411 2602 qni
426 2523 587 2603 adessent,
605 2523 720 2589 1111111
737 2543 909 2604 sermones,
927 2522 1058 2588 consilia
1074 2521 1162 2603 dare,

203 2629 301 2694 libros
330 2629 360 2694 ei
383 2629 446 2711 rei,
472 2630 511 2696 de
535 2649 597 2710 qua
621 2637 829 2713 quaererent,
852 2631 984 2697 idoneos
1011 2629 1162 2710 indicare,

182 2738 373 2818 praebere,
402 2737 487 2804 uiam
510 2737 704 2820 reperiendi,
729 2738 853 2820 ntendi,
883 2739 1104 2804 demonstrare
1126 2755 1165 2802 ac

204 2842 337 2908 munire.
351 2843 507 2926 Hcspitcs
519 2849 627 2910 autem
639 2844 763 2926 quoties
775 2845 817 2910 ad
827 2845 1052 2910 bibliothecam
1058 2843 1162 2932 uisen-

206 2951 279 3015 dam
302 2950 479 3033 venissent,
515 2970 692 3017 sermonem
726 2952 768 3016 ad
795 2971 853 3017 sua
881 2951 1031 3030 cuiusque
1058 2949 1165 3014 studia

206 3059 367 3139 trahebat,
385 3057 460 3138 quid
475 3057 508 3122 in
525 3077 561 3123 eo
577 3077 697 3140 genere
720 3077 843 3140 ramm,
860 3057 1074 3140 praecipuum,
1092 3074 1163 3137 pro-

205 3163 309 3245 prium
321 3167 416 3247 esset,
433 3165 634 3246 ostendebat,
659 3165 699 3230 de
719 3167 815 3230 rcbns
830 3164 917 3246 ipsis,
942 3163 1047 3244 quoad
1062 3161 1163 3228 cuius-

206 3290 266 3351 que
297 3277 410 3354 captus
437 3271 553 3354 ferret,
579 3277 612 3337 et
635 3271 704 3337 sinc
732 3269 922 3337 scholastica
949 3268 1166 3336 ostentatione

205 3383 325 3463 posset,
354 3379 543 3446 disserebat.
589 3381 707 3460 Itaque
734 3378 779 3444 illi
806 3377 851 3444 sic
874 3376 1094 3460 discedebant,
1118 3379 1164 3458 ut,

1180 448 1224 458 νυνι-ι
