<?xml version="1.0" encoding="UTF-8"?>
<!DOCTYPE html PUBLIC "-//W3C//DTD XHTML 1.0 Transitional//EN"
    "http://www.w3.org/TR/xhtml1/DTD/xhtml1-transitional.dtd">
<html xmlns="http://www.w3.org/1999/xhtml" xml:lang="en" lang="en">
 <head>
  <title>
</title>
<meta http-equiv="Content-Type" content="text/html;charset=utf-8" />
  <meta name='ocr-system' content='tesseract 3.04.00' />
  <meta name='ocr-capabilities' content='ocr_page ocr_carea ocr_par ocr_line ocrx_word'/>
</head>
<body>
  <div class='ocr_page' id='page_1' title='image "./narratiodejomat00ernegoog_0021.png"; bbox 0 0 2852 4152; ppageno 0'>
   <div class='ocr_carea' id='block_1_1' title="bbox 206 431 1230 2960">
    <p class='ocr_par' dir='ltr' id='par_1_1' title="bbox 232 431 1230 1567">
     <span class='ocr_line' id='line_1_1' title="bbox 232 431 1195 496; baseline -0.004 -18"><span class='ocrx_word' id='word_1_1' title='bbox 232 435 288 496; x_wconf 83' lang='lat' dir='ltr'>qur</span> <span class='ocrx_word' id='word_1_2' title='bbox 315 434 352 477; x_wconf 91' lang='lat' dir='ltr'>us</span> <span class='ocrx_word' id='word_1_3' title='bbox 378 434 432 478; x_wconf 89' lang='lat' dir='ltr'>am</span> <span class='ocrx_word' id='word_1_4' title='bbox 456 433 495 477; x_wconf 91' lang='lat' dir='ltr'>eo</span> <span class='ocrx_word' id='word_1_5' title='bbox 543 432 659 492; x_wconf 89' lang='lat' dir='ltr'>uc1,u</span> <span class='ocrx_word' id='word_1_6' title='bbox 698 432 717 475; x_wconf 90' lang='lat' dir='ltr'>a</span> <span class='ocrx_word' id='word_1_7' title='bbox 764 432 803 476; x_wconf 88' lang='lat' dir='ltr'>ea</span> <span class='ocrx_word' id='word_1_8' title='bbox 828 432 879 476; x_wconf 89' lang='lat' dir='ltr'>em</span> <span class='ocrx_word' id='word_1_9' title='bbox 903 433 938 476; x_wconf 91' lang='lat' dir='ltr'>se</span> <span class='ocrx_word' id='word_1_10' title='bbox 961 431 1060 492; x_wconf 86' lang='lat' dir='ltr'>supe</span> <span class='ocrx_word' id='word_1_11' title='bbox 1084 431 1195 475; x_wconf 89' lang='lat' dir='ltr'>orum</span> 
     </span>
     <span class='ocr_line' id='line_1_2' title="bbox 234 518 1194 602; baseline -0.006 -15"><span class='ocrx_word' id='word_1_12' title='bbox 234 523 393 588; x_wconf 89' lang='lat' dir='ltr'>crederet:</span> <span class='ocrx_word' id='word_1_13' title='bbox 418 522 528 602; x_wconf 87' lang='lat' dir='ltr'>itaque</span> <span class='ocrx_word' id='word_1_14' title='bbox 549 540 617 584; x_wconf 95' lang='lat' dir='ltr'>non</span> <span class='ocrx_word' id='word_1_15' title='bbox 642 520 824 601; x_wconf 77' lang='lat' dir='ltr'>dubitasse,</span> <span class='ocrx_word' id='word_1_16' title='bbox 850 521 1038 586; x_wconf 85' lang='lat' dir='ltr'>Conradum</span> <span class='ocrx_word' id='word_1_17' title='bbox 1062 518 1194 595; x_wconf 87' lang='lat' dir='ltr'>imitari,</span> 
     </span>
     <span class='ocr_line' id='line_1_3' title="bbox 233 615 1196 711; baseline -0.006 -18"><span class='ocrx_word' id='word_1_18' title='bbox 233 633 377 711; x_wconf 88' lang='lat' dir='ltr'>quatuor</span> <span class='ocrx_word' id='word_1_19' title='bbox 401 629 638 692; x_wconf 85' lang='lat' dir='ltr'>elementorum</span> <span class='ocrx_word' id='word_1_20' title='bbox 662 628 783 707; x_wconf 83' lang='lat' dir='ltr'>figuras</span> <span class='ocrx_word' id='word_1_21' title='bbox 801 626 834 690; x_wconf 93' lang='lat' dir='ltr'>in</span> <span class='ocrx_word' id='word_1_22' title='bbox 859 627 1003 707; x_wconf 88' lang='lat' dir='ltr'>epistolis</span> <span class='ocrx_word' id='word_1_23' title='bbox 1025 615 1196 705; x_wconf 82' lang='lat' dir='ltr'>signandis</span> 
     </span>
     <span class='ocr_line' id='line_1_4' title="bbox 233 731 1196 816; baseline -0.004 -18"><span class='ocrx_word' id='word_1_24' title='bbox 233 735 435 816; x_wconf 88' lang='lat' dir='ltr'>usurpand0,</span> <span class='ocrx_word' id='word_1_25' title='bbox 458 734 649 816; x_wconf 88' lang='lat' dir='ltr'>praesertim</span> <span class='ocrx_word' id='word_1_26' title='bbox 663 733 816 798; x_wconf 80' lang='lat' dir='ltr'>hortante</span> <span class='ocrx_word' id='word_1_27' title='bbox 832 733 879 798; x_wconf 93' lang='lat' dir='ltr'>J0.</span> <span class='ocrx_word' id='word_1_28' title='bbox 896 733 1019 797; x_wconf 86' lang='lat' dir='ltr'>Jacobo</span> <span class='ocrx_word' id='word_1_29' title='bbox 1036 731 1196 809; x_wconf 82' lang='lat' dir='ltr'>Gesnero,</span> 
     </span>
     <span class='ocr_line' id='line_1_5' title="bbox 235 839 1218 922; baseline -0.002 -17"><span class='ocrx_word' id='word_1_30' title='bbox 235 842 409 922; x_wconf 82' lang='lat' dir='ltr'>Tigurinae</span> <span class='ocrx_word' id='word_1_31' title='bbox 426 841 557 906; x_wconf 89' lang='lat' dir='ltr'>scholae</span> <span class='ocrx_word' id='word_1_32' title='bbox 574 842 750 906; x_wconf 91' lang='lat' dir='ltr'>clarissimo</span> <span class='ocrx_word' id='word_1_33' title='bbox 764 843 968 905; x_wconf 90' lang='lat' dir='ltr'>ornamento.</span> <span class='ocrx_word' id='word_1_34' title='bbox 992 839 1066 904; x_wconf 87' lang='lat' dir='ltr'>Hoc</span> <span class='ocrx_word' id='word_1_35' title='bbox 1082 843 1197 904; x_wconf 91' lang='lat' dir='ltr'>autem</span> <span class='ocrx_word' id='word_1_36' title='bbox 1216 845 1218 850; x_wconf 85' lang='lat'>&#39;</span> 
     </span>
     <span class='ocr_line' id='line_1_6' title="bbox 235 948 1229 1031; baseline -0.008 -17"><span class='ocrx_word' id='word_1_37' title='bbox 235 951 286 1014; x_wconf 89' lang='lat' dir='ltr'>ille</span> <span class='ocrx_word' id='word_1_38' title='bbox 311 950 483 1031; x_wconf 78' lang='lat' dir='ltr'>scripserat</span> <span class='ocrx_word' id='word_1_39' title='bbox 506 949 594 1027; x_wconf 84' lang='lat' dir='ltr'>milri,</span> <span class='ocrx_word' id='word_1_40' title='bbox 619 949 697 1031; x_wconf 93' lang='lat' dir='ltr'>quia</span> <span class='ocrx_word' id='word_1_41' title='bbox 719 949 798 1012; x_wconf 84' lang='lat' dir='ltr'>vitio</span> <span class='ocrx_word' id='word_1_42' title='bbox 823 948 959 1012; x_wconf 79' lang='lat' dir='ltr'>dederat</span> <span class='ocrx_word' id='word_1_43' title='bbox 981 948 1092 1013; x_wconf 86' lang='lat' dir='ltr'>nescio</span> <span class='ocrx_word' id='word_1_44' title='bbox 1109 948 1197 1029; x_wconf 87' lang='lat' dir='ltr'>quis,</span> <span class='ocrx_word' id='word_1_45' title='bbox 1227 1001 1229 1006; x_wconf 90' lang='lat'><em>.</em></span> 
     </span>
     <span class='ocr_line' id='line_1_7' title="bbox 235 1055 1197 1139; baseline -0.004 -18"><span class='ocrx_word' id='word_1_46' title='bbox 235 1059 326 1139; x_wconf 86' lang='lat' dir='ltr'>quod</span> <span class='ocrx_word' id='word_1_47' title='bbox 361 1077 400 1121; x_wconf 94' lang='lat' dir='ltr'>eo</span> <span class='ocrx_word' id='word_1_48' title='bbox 429 1057 522 1139; x_wconf 81' lang='lat' dir='ltr'>signo</span> <span class='ocrx_word' id='word_1_49' title='bbox 552 1061 706 1135; x_wconf 84' lang='lat' dir='ltr'>uteretur,</span> <span class='ocrx_word' id='word_1_50' title='bbox 731 1057 783 1121; x_wconf 88' lang='lat' dir='ltr'>cui</span> <span class='ocrx_word' id='word_1_51' title='bbox 811 1055 891 1120; x_wconf 90' lang='lat' dir='ltr'>nihil</span> <span class='ocrx_word' id='word_1_52' title='bbox 918 1059 1048 1137; x_wconf 87' lang='lat' dir='ltr'>praeter</span> <span class='ocrx_word' id='word_1_53' title='bbox 1074 1075 1197 1119; x_wconf 90' lang='lat' dir='ltr'>nomen</span> 
     </span>
     <span class='ocr_line' id='line_1_8' title="bbox 236 1163 1200 1244; baseline -0.002 -16"><span class='ocrx_word' id='word_1_54' title='bbox 236 1185 311 1228; x_wconf 88' lang='lat' dir='ltr'>cum</span> <span class='ocrx_word' id='word_1_55' title='bbox 336 1164 390 1228; x_wconf 92' lang='lat' dir='ltr'>illa</span> <span class='ocrx_word' id='word_1_56' title='bbox 413 1163 535 1226; x_wconf 87' lang='lat' dir='ltr'>familia</span> <span class='ocrx_word' id='word_1_57' title='bbox 556 1168 640 1227; x_wconf 88' lang='lat' dir='ltr'>esset</span> <span class='ocrx_word' id='word_1_58' title='bbox 657 1183 841 1240; x_wconf 89' lang='lat' dir='ltr'>commune,</span> <span class='ocrx_word' id='word_1_59' title='bbox 869 1165 970 1244; x_wconf 86' lang='lat' dir='ltr'>atque</span> <span class='ocrx_word' id='word_1_60' title='bbox 990 1163 1200 1242; x_wconf 76' lang='lat' dir='ltr'>arrogantiae</span> 
     </span>
     <span class='ocr_line' id='line_1_9' title="bbox 236 1270 1230 1352; baseline -0.003 -17"><span class='ocrx_word' id='word_1_61' title='bbox 236 1277 269 1335; x_wconf 93' lang='lat' dir='ltr'>et</span> <span class='ocrx_word' id='word_1_62' title='bbox 302 1273 453 1335; x_wconf 70' lang='lat' dir='ltr'>vanitatis</span> <span class='ocrx_word' id='word_1_63' title='bbox 488 1271 621 1334; x_wconf 92' lang='lat' dir='ltr'>nomine</span> <span class='ocrx_word' id='word_1_64' title='bbox 655 1271 920 1352; x_wconf 85' lang='lat' dir='ltr'>reprehenderat.</span> <span class='ocrx_word' id='word_1_65' title='bbox 971 1271 1015 1334; x_wconf 85' lang='lat' dir='ltr'>At</span> <span class='ocrx_word' id='word_1_66' title='bbox 1048 1270 1100 1334; x_wconf 91' lang='lat' dir='ltr'>ille</span> <span class='ocrx_word' id='word_1_67' title='bbox 1128 1289 1197 1333; x_wconf 91' lang='lat' dir='ltr'>non</span> <span class='ocrx_word' id='word_1_68' title='bbox 1229 1315 1230 1318; x_wconf 63' lang='lat'>,</span> 
     </span>
     <span class='ocr_line' id='line_1_10' title="bbox 237 1378 1198 1470; baseline -0.002 -28"><span class='ocrx_word' id='word_1_69' title='bbox 237 1399 320 1460; x_wconf 87' lang='lat' dir='ltr'>opus</span> <span class='ocrx_word' id='word_1_70' title='bbox 357 1380 500 1444; x_wconf 86' lang='lat' dir='ltr'>habebat</span> <span class='ocrx_word' id='word_1_71' title='bbox 532 1379 575 1442; x_wconf 92' lang='lat' dir='ltr'>ab</span> <span class='ocrx_word' id='word_1_72' title='bbox 610 1378 672 1470; x_wconf 79' lang='lat' dir='ltr'>alio</span> <span class='ocrx_word' id='word_1_73' title='bbox 703 1382 815 1460; x_wconf 88' lang='lat' dir='ltr'>petere</span> <span class='ocrx_word' id='word_1_74' title='bbox 841 1379 981 1442; x_wconf 90' lang='lat' dir='ltr'>nominis</span> <span class='ocrx_word' id='word_1_75' title='bbox 1005 1378 1198 1454; x_wconf 88' lang='lat' dir='ltr'>claritatem,</span> 
     </span>
     <span class='ocr_line' id='line_1_11' title="bbox 236 1483 1200 1567; baseline -0.001 -19"><span class='ocrx_word' id='word_1_76' title='bbox 236 1485 292 1566; x_wconf 84' lang='lat' dir='ltr'>qui</span> <span class='ocrx_word' id='word_1_77' title='bbox 317 1486 366 1548; x_wconf 91' lang='lat' dir='ltr'>sui</span> <span class='ocrx_word' id='word_1_78' title='bbox 392 1486 461 1567; x_wconf 91' lang='lat' dir='ltr'>ipse</span> <span class='ocrx_word' id='word_1_79' title='bbox 484 1484 602 1566; x_wconf 80' lang='lat' dir='ltr'>ingenii</span> <span class='ocrx_word' id='word_1_80' title='bbox 627 1483 700 1548; x_wconf 89' lang='lat' dir='ltr'>luce</span> <span class='ocrx_word' id='word_1_81' title='bbox 724 1505 846 1548; x_wconf 86' lang='lat' dir='ltr'>nomen</span> <span class='ocrx_word' id='word_1_82' title='bbox 863 1504 960 1548; x_wconf 87' lang='lat' dir='ltr'>suurn</span> <span class='ocrx_word' id='word_1_83' title='bbox 977 1485 1055 1549; x_wconf 91' lang='lat' dir='ltr'>satis</span> <span class='ocrx_word' id='word_1_84' title='bbox 1073 1485 1200 1548; x_wconf 89' lang='lat' dir='ltr'>illustre·</span> 
     </span>
    </p>

    <p class='ocr_par' dir='ltr' id='par_1_2' title="bbox 206 1565 1200 1889">
     <span class='ocr_line' id='line_1_12' title="bbox 206 1565 1196 1726; baseline -0.003 -70"><span class='ocrx_word' id='word_1_85' title='bbox 206 1565 376 1726; x_wconf 50' lang='lat' dir='ltr'>{fecisset</span> <span class='ocrx_word' id='word_1_86' title='bbox 430 1591 495 1655; x_wconf 85' lang='lat' dir='ltr'>Sed</span> <span class='ocrx_word' id='word_1_87' title='bbox 536 1593 576 1656; x_wconf 92' lang='lat' dir='ltr'>de</span> <span class='ocrx_word' id='word_1_88' title='bbox 610 1591 671 1656; x_wconf 94' lang='lat' dir='ltr'>hac</span> <span class='ocrx_word' id='word_1_89' title='bbox 706 1612 742 1655; x_wconf 92' lang='lat' dir='ltr'>re</span> <span class='ocrx_word' id='word_1_90' title='bbox 777 1593 916 1656; x_wconf 77' lang='lat' dir='ltr'>certiora</span> <span class='ocrx_word' id='word_1_91' title='bbox 950 1612 1010 1656; x_wconf 92' lang='lat' dir='ltr'>suo</span> <span class='ocrx_word' id='word_1_92' title='bbox 1046 1595 1196 1674; x_wconf 87' lang='lat' dir='ltr'>tempore</span> 
     </span>
     <span class='ocr_line' id='line_1_13' title="bbox 237 1697 1200 1779; baseline 0 -18"><span class='ocrx_word' id='word_1_93' title='bbox 237 1698 356 1776; x_wconf 85' lang='lat' dir='ltr'>tradet,</span> <span class='ocrx_word' id='word_1_94' title='bbox 386 1698 442 1779; x_wconf 90' lang='lat' dir='ltr'>qui</span> <span class='ocrx_word' id='word_1_95' title='bbox 471 1699 554 1761; x_wconf 84' lang='lat' dir='ltr'>vitae</span> <span class='ocrx_word' id='word_1_96' title='bbox 582 1697 801 1762; x_wconf 86' lang='lat' dir='ltr'>Gesnerianae</span> <span class='ocrx_word' id='word_1_97' title='bbox 830 1699 1090 1764; x_wconf 87' lang='lat' dir='ltr'>Commentarios</span> <span class='ocrx_word' id='word_1_98' title='bbox 1119 1698 1200 1762; x_wconf 90' lang='lat' dir='ltr'>scri·</span> 
     </span>
     <span class='ocr_line' id='line_1_14' title="bbox 237 1802 908 1889; baseline 0.004 -21"><span class='ocrx_word' id='word_1_99' title='bbox 237 1806 314 1870; x_wconf 88' lang='lat' dir='ltr'>bere</span> <span class='ocrx_word' id='word_1_100' title='bbox 338 1805 488 1882; x_wconf 89' lang='lat' dir='ltr'>instituit,</span> <span class='ocrx_word' id='word_1_101' title='bbox 512 1805 753 1885; x_wconf 85' lang='lat' dir='ltr'>Hambergerus</span> <span class='ocrx_word' id='word_1_102' title='bbox 777 1805 813 1870; x_wconf 92' lang='lat' dir='ltr'>V.</span> <span class='ocrx_word' id='word_1_103' title='bbox 836 1802 908 1889; x_wconf 85' lang='lat' dir='ltr'>C.*)</span> 
     </span>
    </p>

    <p class='ocr_par' dir='ltr' id='par_1_3' title="bbox 238 1911 1204 2960">
     <span class='ocr_line' id='line_1_15' title="bbox 306 1911 1200 1992; baseline 0 -18"><span class='ocrx_word' id='word_1_104' title='bbox 306 1911 439 1975; x_wconf 83' lang='lat' dir='ltr'>Patrem</span> <span class='ocrx_word' id='word_1_105' title='bbox 469 1917 596 1976; x_wconf 88' lang='lat' dir='ltr'>mature</span> <span class='ocrx_word' id='word_1_106' title='bbox 628 1912 745 1992; x_wconf 92' lang='lat' dir='ltr'>amisit,</span> <span class='ocrx_word' id='word_1_107' title='bbox 781 1932 887 1978; x_wconf 91' lang='lat' dir='ltr'>annos</span> <span class='ocrx_word' id='word_1_108' title='bbox 919 1917 1016 1977; x_wconf 90' lang='lat' dir='ltr'>natos</span> <span class='ocrx_word' id='word_1_109' title='bbox 1046 1912 1105 1991; x_wconf 90' lang='lat' dir='ltr'>Xl;</span> <span class='ocrx_word' id='word_1_110' title='bbox 1141 1912 1200 1976; x_wconf 90' lang='lat' dir='ltr'>sed</span> 
     </span>
     <span class='ocr_line' id='line_1_16' title="bbox 239 2019 1199 2102; baseline -0.003 -18"><span class='ocrx_word' id='word_1_111' title='bbox 239 2022 392 2084; x_wconf 84' lang='lat' dir='ltr'>affectum</span> <span class='ocrx_word' id='word_1_112' title='bbox 416 2019 518 2100; x_wconf 88' lang='lat' dir='ltr'>patris</span> <span class='ocrx_word' id='word_1_113' title='bbox 543 2022 575 2082; x_wconf 89' lang='lat' dir='ltr'>et</span> <span class='ocrx_word' id='word_1_114' title='bbox 600 2038 712 2084; x_wconf 88' lang='lat' dir='ltr'>curam</span> <span class='ocrx_word' id='word_1_115' title='bbox 734 2019 875 2085; x_wconf 91' lang='lat' dir='ltr'>reddidit</span> <span class='ocrx_word' id='word_1_116' title='bbox 894 2020 1034 2100; x_wconf 71' lang='lat' dir='ltr'>vitricus</span> <span class='ocrx_word' id='word_1_117' title='bbox 1058 2019 1199 2102; x_wconf 86' lang='lat' dir='ltr'>quinon</span> 
     </span>
     <span class='ocr_line' id='line_1_17' title="bbox 238 2125 1201 2208; baseline -0.002 -18"><span class='ocrx_word' id='word_1_118' title='bbox 238 2128 337 2191; x_wconf 92' lang='lat' dir='ltr'>modo</span> <span class='ocrx_word' id='word_1_119' title='bbox 377 2146 517 2208; x_wconf 92' lang='lat' dir='ltr'>puerum</span> <span class='ocrx_word' id='word_1_120' title='bbox 556 2126 638 2208; x_wconf 86' lang='lat' dir='ltr'>ipse,</span> <span class='ocrx_word' id='word_1_121' title='bbox 679 2129 792 2208; x_wconf 86' lang='lat' dir='ltr'>quoad</span> <span class='ocrx_word' id='word_1_122' title='bbox 832 2128 921 2191; x_wconf 92' lang='lat' dir='ltr'>domi</span> <span class='ocrx_word' id='word_1_123' title='bbox 959 2147 1038 2191; x_wconf 91' lang='lat' dir='ltr'>suae</span> <span class='ocrx_word' id='word_1_124' title='bbox 1073 2125 1201 2202; x_wconf 84' lang='lat' dir='ltr'>habuit,</span> 
     </span>
     <span class='ocr_line' id='line_1_18' title="bbox 239 2230 1202 2316; baseline -0.003 -17"><span class='ocrx_word' id='word_1_125' title='bbox 239 2235 339 2299; x_wconf 86' lang='lat' dir='ltr'>literis</span> <span class='ocrx_word' id='word_1_126' title='bbox 369 2235 520 2314; x_wconf 88' lang='lat' dir='ltr'>erudivit,</span> <span class='ocrx_word' id='word_1_127' title='bbox 571 2235 628 2298; x_wconf 90' lang='lat' dir='ltr'>sed</span> <span class='ocrx_word' id='word_1_128' title='bbox 666 2236 765 2298; x_wconf 86' lang='lat' dir='ltr'>etiam</span> <span class='ocrx_word' id='word_1_129' title='bbox 803 2235 836 2299; x_wconf 93' lang='lat' dir='ltr'>in</span> <span class='ocrx_word' id='word_1_130' title='bbox 875 2233 1089 2316; x_wconf 88' lang='lat' dir='ltr'>Gymnasium</span> <span class='ocrx_word' id='word_1_131' title='bbox 1128 2230 1202 2296; x_wconf 79' lang='lat' dir='ltr'>An-</span> 
     </span>
     <span class='ocr_line' id='line_1_19' title="bbox 239 2341 1203 2424; baseline -0.005 -18"><span class='ocrx_word' id='word_1_132' title='bbox 239 2362 386 2424; x_wconf 78' lang='lat' dir='ltr'>spcceusc</span> <span class='ocrx_word' id='word_1_133' title='bbox 410 2341 558 2419; x_wconf 85' lang='lat' dir='ltr'>deduxit,</span> <span class='ocrx_word' id='word_1_134' title='bbox 590 2341 623 2404; x_wconf 94' lang='lat' dir='ltr'>in</span> <span class='ocrx_word' id='word_1_135' title='bbox 658 2361 724 2422; x_wconf 92' lang='lat' dir='ltr'>quo</span> <span class='ocrx_word' id='word_1_136' title='bbox 761 2345 835 2405; x_wconf 91' lang='lat' dir='ltr'>octo</span> <span class='ocrx_word' id='word_1_137' title='bbox 871 2341 959 2422; x_wconf 89' lang='lat' dir='ltr'>ipsos</span> <span class='ocrx_word' id='word_1_138' title='bbox 988 2359 1093 2404; x_wconf 90' lang='lat' dir='ltr'>annos</span> <span class='ocrx_word' id='word_1_139' title='bbox 1122 2357 1203 2404; x_wconf 89' lang='lat' dir='ltr'>oon·</span> 
     </span>
     <span class='ocr_line' id='line_1_20' title="bbox 240 2447 1200 2531; baseline -0.003 -19"><span class='ocrx_word' id='word_1_140' title='bbox 240 2451 328 2513; x_wconf 81' lang='lat' dir='ltr'>victu</span> <span class='ocrx_word' id='word_1_141' title='bbox 363 2449 510 2531; x_wconf 86' lang='lat' dir='ltr'>publicu,</span> <span class='ocrx_word' id='word_1_142' title='bbox 551 2451 583 2512; x_wconf 87' lang='lat' dir='ltr'>et</span> <span class='ocrx_word' id='word_1_143' title='bbox 616 2447 786 2530; x_wconf 83' lang='lat' dir='ltr'>disciplina</span> <span class='ocrx_word' id='word_1_144' title='bbox 824 2447 993 2511; x_wconf 82' lang='lat' dir='ltr'>lIterarum</span> <span class='ocrx_word' id='word_1_145' title='bbox 1026 2467 1105 2511; x_wconf 90' lang='lat' dir='ltr'>usus</span> <span class='ocrx_word' id='word_1_146' title='bbox 1141 2450 1200 2510; x_wconf 91' lang='lat' dir='ltr'>est.</span> 
     </span>
     <span class='ocr_line' id='line_1_21' title="bbox 242 2553 1202 2636; baseline -0.004 -15"><span class='ocrx_word' id='word_1_147' title='bbox 242 2559 396 2621; x_wconf 87' lang='lat' dir='ltr'>Praeerat</span> <span class='ocrx_word' id='word_1_148' title='bbox 438 2561 509 2620; x_wconf 92' lang='lat' dir='ltr'>tum</span> <span class='ocrx_word' id='word_1_149' title='bbox 546 2557 589 2620; x_wconf 93' lang='lat' dir='ltr'>illi</span> <span class='ocrx_word' id='word_1_150' title='bbox 621 2557 699 2619; x_wconf 95' lang='lat' dir='ltr'>ludo</span> <span class='ocrx_word' id='word_1_151' title='bbox 739 2555 895 2636; x_wconf 83' lang='lat' dir='ltr'>Georgius</span> <span class='ocrx_word' id='word_1_152' title='bbox 932 2555 1083 2620; x_wconf 87' lang='lat' dir='ltr'>Nicolaus</span> <span class='ocrx_word' id='word_1_153' title='bbox 1117 2553 1202 2618; x_wconf 90' lang='lat' dir='ltr'>Koe-</span> 
     </span>
     <span class='ocr_line' id='line_1_22' title="bbox 242 2661 1204 2745; baseline -0.004 -17"><span class='ocrx_word' id='word_1_154' title='bbox 242 2665 343 2742; x_wconf 90' lang='lat' dir='ltr'>lerus,</span> <span class='ocrx_word' id='word_1_155' title='bbox 383 2682 523 2745; x_wconf 83' lang='lat' dir='ltr'>magnae</span> <span class='ocrx_word' id='word_1_156' title='bbox 561 2663 609 2726; x_wconf 87' lang='lat' dir='ltr'>rir</span> <span class='ocrx_word' id='word_1_157' title='bbox 642 2663 820 2742; x_wconf 88' lang='lat' dir='ltr'>doctrinac,</span> <span class='ocrx_word' id='word_1_158' title='bbox 862 2666 895 2727; x_wconf 88' lang='lat' dir='ltr'>et</span> <span class='ocrx_word' id='word_1_159' title='bbox 933 2662 1100 2730; x_wconf 85' lang='lat' dir='ltr'>excellenti</span> <span class='ocrx_word' id='word_1_160' title='bbox 1141 2661 1204 2724; x_wconf 90' lang='lat' dir='ltr'>do-</span> 
     </span>
     <span class='ocr_line' id='line_1_23' title="bbox 244 2769 1203 2851; baseline -0.003 -17"><span class='ocrx_word' id='word_1_161' title='bbox 244 2771 338 2834; x_wconf 87' lang='lat' dir='ltr'>cendi</span> <span class='ocrx_word' id='word_1_162' title='bbox 362 2769 508 2850; x_wconf 81' lang='lat' dir='ltr'>solertia,</span> <span class='ocrx_word' id='word_1_163' title='bbox 537 2770 594 2834; x_wconf 92' lang='lat' dir='ltr'>sed</span> <span class='ocrx_word' id='word_1_164' title='bbox 617 2770 674 2851; x_wconf 91' lang='lat' dir='ltr'>qui</span> <span class='ocrx_word' id='word_1_165' title='bbox 701 2770 789 2833; x_wconf 86' lang='lat' dir='ltr'>fama</span> <span class='ocrx_word' id='word_1_166' title='bbox 817 2770 914 2849; x_wconf 80' lang='lat' dir='ltr'>digna</span> <span class='ocrx_word' id='word_1_167' title='bbox 937 2769 1082 2846; x_wconf 85' lang='lat' dir='ltr'>carebat,</span> <span class='ocrx_word' id='word_1_168' title='bbox 1110 2770 1203 2851; x_wconf 90' lang='lat' dir='ltr'>quod</span> 
     </span>
     <span class='ocr_line' id='line_1_24' title="bbox 245 2876 1203 2960; baseline 0 -20"><span class='ocrx_word' id='word_1_169' title='bbox 245 2878 363 2960; x_wconf 83' lang='lat' dir='ltr'>ingenii</span> <span class='ocrx_word' id='word_1_170' title='bbox 387 2878 589 2942; x_wconf 88' lang='lat' dir='ltr'>monimenta</span> <span class='ocrx_word' id='word_1_171' title='bbox 612 2878 751 2960; x_wconf 87' lang='lat' dir='ltr'>prodere</span> <span class='ocrx_word' id='word_1_172' title='bbox 768 2897 836 2941; x_wconf 94' lang='lat' dir='ltr'>non</span> <span class='ocrx_word' id='word_1_173' title='bbox 853 2878 997 2941; x_wconf 77' lang='lat' dir='ltr'>curabat,</span> <span class='ocrx_word' id='word_1_174' title='bbox 1029 2876 1203 2940; x_wconf 78' lang='lat' dir='ltr'>Enimvero</span> 
     </span>
    </p>
   </div>
   <div class='ocr_carea' id='block_1_2' title="bbox 212 2981 456 3011">
    <p class='ocr_par' dir='ltr' id='par_1_4' title="bbox 212 2981 456 3011">
     <span class='ocr_line' id='line_1_25' title="bbox 212 2981 456 3011; baseline -0.004 0"><span class='ocrx_word' id='word_1_175' title='bbox 212 2981 456 3011; x_wconf 41' lang='grc' dir='ltr'>Ιώ,-</span> 
     </span>
    </p>
   </div>
   <div class='ocr_carea' id='block_1_3' title="bbox 213 3050 1206 3389">
    <p class='ocr_par' dir='ltr' id='par_1_5' title="bbox 213 3050 1206 3389">
     <span class='ocr_line' id='line_1_26' title="bbox 315 3050 1203 3121; baseline -0.001 -16"><span class='ocrx_word' id='word_1_176' title='bbox 315 3053 340 3121; x_wconf 84' lang='grc'>*)</span> <span class='ocrx_word' id='word_1_177' title='bbox 361 3053 409 3106; x_wconf 86' lang='lat' dir='ltr'>Ge.</span> <span class='ocrx_word' id='word_1_178' title='bbox 433 3053 494 3105; x_wconf 82' lang='lat' dir='ltr'>Chr.</span> <span class='ocrx_word' id='word_1_179' title='bbox 514 3053 684 3119; x_wconf 83' lang='lat' dir='ltr'>Ilumberger</span> <span class='ocrx_word' id='word_1_180' title='bbox 709 3051 822 3105; x_wconf 86' lang='lat' dir='ltr'>Gesneri</span> <span class='ocrx_word' id='word_1_181' title='bbox 846 3067 915 3120; x_wconf 92' lang='lat' dir='ltr'>opus</span> <span class='ocrx_word' id='word_1_182' title='bbox 938 3052 1125 3119; x_wconf 84' lang='lat' dir='ltr'>posthumum:</span> <span class='ocrx_word' id='word_1_183' title='bbox 1154 3050 1203 3104; x_wconf 88' lang='lat' dir='ltr'>Or·</span> 
     </span>
     <span class='ocr_line' id='line_1_27' title="bbox 244 3140 1205 3211; baseline -0.001 -16"><span class='ocrx_word' id='word_1_184' title='bbox 244 3141 309 3211; x_wconf 90' lang='lat' dir='ltr'>phei</span> <span class='ocrx_word' id='word_1_185' title='bbox 333 3141 529 3209; x_wconf 83' lang='lat' dir='ltr'>Argonautica,</span> <span class='ocrx_word' id='word_1_186' title='bbox 553 3141 665 3209; x_wconf 81' lang='lat' dir='ltr'>Hymni,</span> <span class='ocrx_word' id='word_1_187' title='bbox 694 3141 740 3194; x_wconf 92' lang='lat' dir='ltr'>lib.</span> <span class='ocrx_word' id='word_1_188' title='bbox 765 3140 799 3193; x_wconf 91' lang='lat' dir='ltr'>de</span> <span class='ocrx_word' id='word_1_189' title='bbox 822 3140 961 3207; x_wconf 80' lang='lat' dir='ltr'>lapidibus</span> <span class='ocrx_word' id='word_1_190' title='bbox 989 3147 1017 3194; x_wconf 88' lang='lat' dir='ltr'>et</span> <span class='ocrx_word' id='word_1_191' title='bbox 1040 3141 1205 3208; x_wconf 80' lang='lat' dir='ltr'>Fragmenta</span> 
     </span>
     <span class='ocr_line' id='line_1_28' title="bbox 213 3230 1206 3299; baseline -0.002 -14"><span class='ocrx_word' id='word_1_192' title='bbox 213 3274 216 3285; x_wconf 90' lang='lat'>.</span> <span class='ocrx_word' id='word_1_193' title='bbox 244 3248 297 3285; x_wconf 89' lang='lat' dir='ltr'>rec.</span> <span class='ocrx_word' id='word_1_194' title='bbox 317 3232 342 3286; x_wconf 90' lang='lat' dir='ltr'>J.</span> <span class='ocrx_word' id='word_1_195' title='bbox 358 3232 393 3285; x_wconf 85' lang='lat' dir='ltr'>ll.</span> <span class='ocrx_word' id='word_1_196' title='bbox 409 3232 440 3284; x_wconf 92' lang='lat' dir='ltr'>G.</span> <span class='ocrx_word' id='word_1_197' title='bbox 454 3231 519 3299; x_wconf 89' lang='lat' dir='ltr'>Lps.</span> <span class='ocrx_word' id='word_1_198' title='bbox 539 3246 562 3283; x_wconf 83' lang='lat' dir='ltr'>a.</span> <span class='ocrx_word' id='word_1_199' title='bbox 578 3233 647 3283; x_wconf 75' lang='lat'>1764</span> <span class='ocrx_word' id='word_1_200' title='bbox 667 3231 760 3298; x_wconf 84' lang='lat' dir='ltr'>edidit,</span> <span class='ocrx_word' id='word_1_201' title='bbox 780 3230 827 3284; x_wconf 90' lang='lat' dir='ltr'>sed</span> <span class='ocrx_word' id='word_1_202' title='bbox 848 3230 921 3298; x_wconf 90' lang='lat' dir='ltr'>quod</span> <span class='ocrx_word' id='word_1_203' title='bbox 941 3231 1025 3285; x_wconf 83' lang='lat' dir='ltr'>sciam</span> <span class='ocrx_word' id='word_1_204' title='bbox 1044 3231 1077 3285; x_wconf 88' lang='lat' dir='ltr'>de</span> <span class='ocrx_word' id='word_1_205' title='bbox 1091 3231 1206 3284; x_wconf 88' lang='lat' dir='ltr'>Gesneri</span> 
     </span>
     <span class='ocr_line' id='line_1_29' title="bbox 244 3319 696 3389; baseline 0 -16"><span class='ocrx_word' id='word_1_206' title='bbox 244 3321 301 3375; x_wconf 83' lang='lat' dir='ltr'>rita</span> <span class='ocrx_word' id='word_1_207' title='bbox 320 3321 467 3389; x_wconf 82' lang='lat' dir='ltr'>separatim</span> <span class='ocrx_word' id='word_1_208' title='bbox 486 3335 539 3373; x_wconf 90' lang='lat' dir='ltr'>uon</span> <span class='ocrx_word' id='word_1_209' title='bbox 559 3319 696 3374; x_wconf 86' lang='lat' dir='ltr'>disseruit.</span> 
     </span>
    </p>
   </div>
   <div class='ocr_carea' id='block_1_4' title="bbox 0 0 1449 4152">
    <p class='ocr_par' dir='ltr' id='par_1_6' title="bbox 0 0 1449 4152">
     <span class='ocr_line' id='line_1_30' title="bbox 0 0 1449 4152; baseline 0 0"><span class='ocrx_word' id='word_1_210' title='bbox 0 0 1449 4152; x_wconf 95' lang='lat' dir='ltr'> </span> 
     </span>
    </p>
   </div>
  </div>
 </body>
</html>
