2852 4152
239 474 348 534 tamen
365 489 429 535 non
445 469 548 536 minus
566 470 714 554 libenter,
739 472 792 538 vel
808 491 924 553 coram,
949 473 1001 539 vel
1016 492 1076 555 per
1089 474 1203 541 literas
1218 453 1227 560 Ι

239 578 359 658 agebat
387 597 457 644 curn
487 578 580 646 vivis.
628 577 779 645 Omnium
809 579 968 645 hominum
999 585 1083 646 erat:
1112 601 1204 648 nemo

238 686 279 749 ab
305 685 373 751 eius
397 686 498 768 aditu,
523 687 766 768 consuetudine,
795 705 938 752 sermone
962 688 1202 754 excludebatur.

238 793 284 856 Et
307 796 437 874 poterat
460 811 531 858 cum
561 791 713 872 omnibus,
739 797 814 873 apte
838 792 880 857 ad
903 811 1072 873 personam
1100 793 1202 860 cuius·

239 919 315 982 que,
345 901 562 983 sermocinari,
591 907 628 965 ut
657 919 755 982 supra
782 899 977 982 praedicavi.
1027 899 1204 967 Alliciebat

238 1010 347 1071 autem
370 1007 412 1072 ad
436 1027 470 1072 se
494 1026 585 1073 omne
613 1026 715 1088 genus
739 1006 913 1088 hominum,
942 1006 1106 1074 meliorum
1129 1009 1202 1074 doc·

238 1114 344 1180 trinae
357 1133 435 1180 suae
447 1121 481 1180 et
493 1114 702 1180 humanitatis
714 1114 811 1196 fama,
821 1113 1032 1196 capiebatque
1045 1116 1202 1182 adeuntes

238 1241 277 1287 ac
301 1222 517 1303 colloquentes
534 1241 713 1287 sermonum
732 1221 832 1304 copia,
849 1220 1003 1302 utilitate,
1028 1222 1201 1305 varietate,

239 1327 391 1393 comitate
415 1332 513 1408 atque
536 1327 643 1409 etiam,
668 1346 739 1392 cum
761 1346 928 1409 personae,
952 1347 1005 1393 res
1022 1346 1061 1393 ac
1077 1333 1202 1411 tempus

238 1440 438 1518 paterentur,
463 1436 667 1502 amoenitate.
683 1455 685 1460 ·
703 1435 794 1501 Nihil
809 1435 843 1501 in
859 1454 895 1500 eo
913 1435 1122 1518 arrogantiae
1145 1442 1203 1503 aut
1237 1491 1240 1498 .

240 1543 364 1609 fastidii
399 1549 479 1626 erat,
515 1544 568 1611 vel
601 1542 757 1610 adversus
785 1561 854 1624 eos,
891 1542 1077 1624 quibuscum
1105 1549 1201 1626 esset,

240 1652 293 1719 uel
322 1653 361 1718 de
390 1653 504 1734 quibus
535 1670 638 1717 sermo
666 1650 836 1716 incideret:
870 1650 910 1716 de
937 1650 1063 1716 nemine
1093 1651 1201 1718 detra-

239 1762 330 1843 here,
366 1761 520 1827 extollere
549 1759 648 1826 etiam
674 1777 772 1840 supra
799 1758 988 1840 ueritatem,
1019 1777 1116 1840 seque
1148 1760 1202 1825 de-

239 1868 368 1934 mittere
392 1868 479 1934 intra
502 1868 653 1949 aequales
683 1871 741 1933 aut
764 1866 901 1932 minores
925 1867 978 1934 vel
1000 1866 1126 1948 ordine,
1150 1869 1203 1934 vel

239 1977 369 2060 ingenio
405 1982 439 2042 et
474 1975 630 2042 doctrina.
684 1975 725 2041 In
758 1973 894 2040 lectione
929 1993 1031 2057 paene
1065 1973 1201 2057 infinita,

239 2086 337 2152 etiam
360 2085 534 2168 scriptores
558 2083 747 2150 recentioris
770 2083 889 2148 aetatis
912 2081 1103 2164 Francicos,
1128 2082 1201 2148 Bri·

239 2193 396 2274 leonicos,
421 2193 565 2274 ItalicoS,
581 2191 794 2260 Germanicos
818 2191 1001 2272 complexus
1025 2195 1108 2256 erat.
1132 2191 1201 2256 Ita-

239 2318 301 2380 que
328 2319 391 2365 non
419 2299 512 2364 modo
543 2298 582 2364 de
606 2297 657 2363 his
681 2316 806 2378 quoque
829 2315 991 2362 sermones
1014 2316 1122 2364 serere
1145 2317 1200 2380 po-

237 2410 336 2488 terat,
372 2407 429 2472 sed
463 2406 562 2472 etiam
596 2404 737 2471 refertus
766 2408 838 2470 erat
868 2403 960 2486 copia
987 2423 1103 2488 rerum,
1135 2405 1200 2471 fac-

237 2516 352 2594 torum,
378 2513 544 2594 dictorum,
570 2511 684 2592 quibus
706 2511 987 2577 commemorandis
1004 2511 1202 2578 exhilararet

238 2621 506 2687 confabulatores.
544 2621 591 2686 Et
606 2618 675 2701 ipse
691 2623 786 2684 acute
800 2619 991 2686 movebatur
1006 2619 1040 2685 in
1055 2619 1200 2686 iocando.

237 2730 322 2795 Erat
344 2733 452 2794 autem
482 2747 584 2812 genus
612 2726 738 2794 iocandi
765 2726 913 2810 liberale,
942 2732 1122 2808 venustum,
1153 2727 1201 2793 hi·

236 2836 319 2916 lare,
355 2835 443 2900 inter
483 2834 626 2900 eruditos
660 2833 758 2899 etiam
797 2832 933 2899 doctum.
992 2832 1063 2917 Quo
1098 2834 1201 2900 minus

236 2942 429 3022 mirandum,
465 2941 502 3023 si,
538 2945 575 3006 ut
609 2940 717 3023 priora
751 2945 897 3022 tempora
931 2939 1199 3021 praetermittam,

236 3049 342 3131 quoad
366 3047 545 3129 Gottingae
575 3047 672 3129 vixit,
705 3047 801 3113 etiam
831 3049 870 3112 ab
895 3047 1120 3113 illustrissimis
1144 3047 1199 3112 ho·

237 3157 381 3222 minibus·
408 3159 441 3222 et
475 3155 635 3236 exquisita
670 3155 833 3238 elegantia
860 3155 995 3222 excultis
1026 3155 1095 3221 eius
1126 3173 1199 3220 con·

237 3261 373 3328 suetudo
398 3261 542 3344 expetita
566 3260 636 3326 fuit.
684 3262 793 3327 Duces
816 3261 944 3342 quidem
959 3261 1120 3343 Franciei,
1145 3262 1200 3342 qui

237 3365 418 3448 Gottingae
461 3385 519 3448 per
558 3367 617 3432 hoc
655 3366 772 3432 bellum
810 3365 980 3449 praesidiis
1018 3368 1198 3452 praefuere,

140 3515 1264 3550 Ἢ

187 3535 197 3625 Ι
637 3615 798 3667 -m-
