2852 4152
1196 359 1203 420 l

692 466 696 480 Ι
722 455 1179 479 11-—flmffl''
1196 450 1248 460 *¹⁴*

129 478 159 490 u*
179 477 195 485 -r
1199 479 1204 493 a

179 499 184 564 ἰ
216 495 351 562 Luciani
375 499 475 576 esset,
504 515 624 574 necne,
653 501 684 562 et
712 497 745 562 in
773 497 888 562 libellis
912 496 1069 562 universis
1092 503 1123 562 et
1146 498 1202 564 1η

175 691 176 694 Ἴ
216 603 353 684 singulis
369 605 477 669 verbis
495 603 660 684 eleganter
677 604 887 682 discerneret,
905 604 1024 668 deinde
1041 625 1177 670 acumen

215 709 361 789 videndi,
391 711 470 793 quid
499 731 576 791 su0,
605 713 683 794 quid
712 711 818 776 alieno
842 711 915 775 loco
950 715 1051 792 esset,
1081 717 1118 776 ut
1145 713 1178 774 in

215 817 444 882 Demosthenis
479 818 648 899 Encomio,
678 819 767 902 quod
800 817 1054 899 transpositione
1082 818 1179 882 unius

177 951 184 968 ¹
215 925 354 1007 paginae
370 923 504 988 feliciter
520 923 644 1005 primus
661 925 809 990 restituit.
827 925 970 989 Nec‘alia
986 925 1037 988 via
1053 924 1179 1007 primus

118 1019 128 1040 ’
184 1061 185 1064 “
217 1032 365 1096 omnium
394 1051 508 1096 sensus
537 1051 632 1096 veros
656 1032 877 1115 Hippocratici
907 1034 946 1096 de
975 1033 1083 1097 diaeta
1106 1031 1179 1096 libri

215 1140 383 1219 indagavit
399 1143 432 1204 et
448 1141 647 1204 obscuritate
669 1139 816 1204 liberavit
831 1140 1006 1222 protractis
1023 1140 1056 1202 in
1073 1139 1179 1203 lucem

216 1245 455 1328 Hippocraticis
494 1243 722 1330 animabus*);
762 1246 795 1309 in
831 1267 897 1328 quo
933 1251 1045 1310 tamen
1080 1247 1178 1310 etiam

216 1353 375 1433 sagacitas
399 1353 517 1434 ingenii
542 1357 571 1418 et
597 1351 730 1436 (opipera)
755 1355 929 1435 diligentia,
954 1358 1024 1418 tum
1046 1354 1079 1417 in
1095 1354 1179 1417 iudi-

216 1463 331 1542 canda,
356 1461 435 1544 quid
450 1461 623 1544 intelligas,
647 1481 761 1543 necne,
785 1466 856 1526 turn
873 1463 905 1525 in
923 1462 1178 1526 determinandis

185 1659 186 1662 Ἴ
216 1569 407 1635 notionibus
435 1571 610 1634 verborum
640 1589 678 1633 ac
706 1590 817 1634 rerum
845 1568 979 1652 profuit.
1025 1571 1179 1634 Extrema

216 1681 323 1742 aetate
353 1677 495 1759 Orphica
527 1677 711 1760 diligentius
740 1679 902 1757 tractarit,
933 1679 1038 1760 iisque
1067 1697 1178 1742 emen·
1202 1759 1203 1762 Ἴ

217 1787 333 1850 dandis
368 1789 399 1850 et
433 1784 633 1850 illustrandis
669 1785 861 1850 coronidem
899 1787 1067 1868 imponere
1103 1785 1179 1848 huic

217 1893 326 1976 generi
352 1913 489 1976 operum
512 1915 551 1958 ac
573 1895 724 1958 laborum
749 1897 979 1962 constituerat:
1004 1915 1088 1978 quae
1109 1897 1180 1958 erat

187 2023 188 2026 ¹
216 2001 313 2082 digna
331 2004 423 2064 tanto
446 2000 576 2082 ingenio
591 2005 751 2083 tantaque
767 2003 917 2068 doctrina
940 2004 1088 2067 materia.
1138 2001 1179 2064 lit

215 2108 293 2172 satis
317 2108 394 2188 scio,
419 2107 452 2172 id
476 2126 569 2188 opus,
596 2108 645 2171 cui
670 2109 712 2172 ad
729 2110 969 2174 absolutionem
986 2107 1067 2172 nihil
1084 2127 1179 2191 prae-

180 2267 181 2272 η
214 2220 265 2281 ter
288 2215 527 2300 praefationem
557 2218 672 2282 deesse
699 2219 813 2296 audi0,
843 2216 1068 2297 dignissimum
1099 2216 1179 2279 Ges·

180 2375 181 2380 1
215 2327 285 2390 neri
308 2325 452 2405 nomine,
478 2331 510 2390 et
533 2327 710 2405 gloriosum
728 2325 921 2391 Germaniae
944 2326 1029 2390 iore:
1054 2325 1087 2388 in
1112 2344 1178 2406 quo

214 2433 312 2498 etiam
344 2434 469 2498 Tecum
502 2454 601 2517 saepe
635 2435 776 2517 reperies
808 2437 932 2513 actum,
962 2431 1179 2498 celeberrime

214 2540 400 2617 Ruhnkeni,
436 2560 534 2623 quem
570 2543 705 2623 propter
735 2541 902 2622 ingenium
931 2539 1178 2620 doctrinamque
1243 2559 1245 2566 ·

214 2647 422 2712 vehementer
445 2648 679 2728 admirabatur,
704 2668 778 2711 mea
802 2667 900 2711 causa
916 2647 1015 2711 etiarn
1032 2647 1178 2709 amabat.

182 2741 183 2762 ³
281 2756 473 2821 Lexicorum
502 2757 554 2821 vel
578 2756 867 2834 conficiendorum,
897 2756 948 2820 rel
971 2754 1178 2836 locupletan-

214 2864 333 2928 dorum
357 2867 388 2929 et
405 2866 683 2930 emendandorum
707 2865 867 2929 rationem
886 2865 1006 2947 optime
1022 2863 1177 2942 tenuisse,

215 2970 361 3052 gnaviter
382 2971 433 3035 vel
449 2971 600 3037 indoctus
617 2973 667 3036 vel
687 2970 862 3054 impudens
880 2971 933 3051 sit,
948 2971 1005 3052 qui
1021 2970 1177 3053 ambigat,
1216 2983 1217 2986 ’

212 3080 271 3140 aut
294 3097 330 3142 se
354 3077 487 3143 simulet
511 3079 687 3159 ambigere.
723 3079 869 3160 Farrago
893 3078 1025 3160 quidem
1049 3077 1176 3158 Latina,
1208 3143 1209 3146 ,

193 3213 194 3228 ³
283 3236 309 3306 *)
329 3236 411 3308 Ψυχαὶ
427 3235 607 3308 Ἱπποκράτους
627 3236 652 3297 ἒς
669 3236 697 3288 τὸ
711 3241 767 3308 φῶς
785 3229 936 3308 regemprima
956 3235 1005 3301 (da
1029 3234 1130 3289 diaeta
1153 3237 1177 3303 1,
1217 3303 1218 3306 Ἴ

214 3332 238 3397 1,
259 3327 302 3397 10)
324 3327 404 3382 Gott.
426 3329 503 3397 1737,
528 3327 553 3380 4.
577 3356 610 3364 -
637 3326 746 3396 Orphei
770 3326 901 3380 carmina
924 3340 982 3378 rec.
1006 3326 1094 3378 notas
1119 3325 1177 3380 adi.

211 3418 238 3475 J.
258 3417 295 3473 M.
316 3416 350 3472 G.
371 3419 494 3473 curante
514 3416 566 3472 Ge.
588 3418 655 3472 Chr.
674 3416 886 3486 Hambergero.
924 3415 991 3486 hps.
1014 3415 1091 3472 1764.

612 3652 772 3710 -41..
