2852 4152
1244 321 1249 412 i

687 407 1165 426 uma-*mammmmnmu
1169 415 1212 426 ιιι-ι
1217 413 1299 429 μανι-

257 514 290 576 et
331 509 490 577 facilitate
536 515 634 592 atque
678 511 879 596 indulgentia
923 512 1095 597 primatmn
1141 514 1215 582 auli·

170 699 173 704 ³
256 636 375 685 corum.

345 725 410 792 His
439 731 578 808 quatuor
607 727 752 810 personis
786 727 939 795 adiuncta
973 733 1024 795 est
1053 734 1130 797 ante
1159 730 1217 795 hos

201 915 202 919 Ἰ
254 833 291 899 Χ
320 852 420 899 annos
447 833 574 916 quinta,
604 853 688 916 cum,
716 834 868 903 instituta
894 835 1073 903 Academia
1100 836 1216 902 doetri-

255 959 378 1023 narum,
411 941 474 1023 ipsi
496 940 618 1008 Classis
640 940 794 1008 historica
822 946 856 1008 et
882 943 1072 1026 philologica
1095 943 1218 1009 credita

255 1054 316 1130 cst,
347 1047 389 1113 ad
419 1054 597 1114 extremum
627 1049 726 1115 etiarn
755 1050 855 1116 totius
878 1049 1075 1117 Academiae
1100 1052 1216 1134 guber·

255 1153 355 1220 natio.
403 1154 500 1220 Hanc
534 1173 658 1236 quoque
693 1174 863 1238 personam
897 1157 945 1223 ita
972 1157 1084 1240 gessit,
1115 1163 1153 1223 ut
1183 1163 1218 1223 et

255 1261 453 1328 Academiae
480 1263 616 1346 gloriam
639 1262 764 1328 nomine
787 1281 844 1329 suo
867 1263 1060 1346 illustraret,
1088 1269 1123 1330 et
1148 1264 1217 1347 plu·

225 1355 226 1358 ¹
255 1369 343 1436 ribus
366 1369 532 1436 literarum
556 1369 713 1453 capitibus
741 1389 857 1437 novam
885 1370 987 1437 lucem
1016 1371 1216 1454 accenderet,

256 1495 327 1542 cum
361 1495 395 1543 se
431 1477 472 1543 ad
506 1497 546 1543 ea
573 1477 759 1560 diligentius
787 1477 941 1544 rimanda¹
961 1484 995 1544 et
1027 1478 1218 1545 illustranda

256 1583 408 1652 dedisset.
458 1587 511 1651 Ea
544 1603 627 1666 quae
655 1585 734 1677 siut,
765 1584 995 1651 Commentarii
1021 1584 1217 1651 Academiae

257 1691 383 1774 docent,
414 1697 449 1758 et
479 1691 623 1758 Schedae
647 1691 917 1775 Gottingenses*)
947 1711 1029 1774 quae
1059 1692 1099 1757 de
1128 1691 1218 1758 libris
1258 1722 1261 1726 ¹

255 1799 349 1866 novis
372 1804 547 1882 exponunt.
583 1801 650 1865 Per
673 1818 744 1865 eam
767 1799 964 1866 occasionem
987 1799 1087 1865 etiam
1102 1798 1216 1865 deduc-

255 1911 308 1972 tus
331 1911 382 1972 est
404 1907 446 1972 ad
469 1905 622 1989 Orphica,
647 1911 734 1972 certe
758 1905 944 1988 diligentius
968 1906 1150 1988 tractanda,
1175 1906 1215 1971 de

255 2013 369 2094 quibus
391 2018 466 2096 post
488 2014 638 2080 dicemus.
684 2014 800 2095 Neque
823 2014 917 2096 haec,
948 2013 1094 2095 quamvis
1116 2013 1219 2080 mrdta

255 2124 290 2186 et
311 2138 430 2204 magna
452 2125 486 2186 et
509 2121 605 2203 plena
626 2120 755 2203 laboriS,
779 2120 827 2186 ita
850 2139 921 2186 eum
944 2122 1154 2204 occupabant,
1182 2125 1220 2186 nt

255 2226 334 2293 nihil
357 2232 540 2310 superesset
563 2228 716 2310 temporis
732 2227 775 2293 ad
789 2227 902 2294 literas
917 2227 1045 2310 scriptis
1061 2227 1219 2296 iuvandas

255 2339 289 2400 et
312 2335 486 2401 ornandas:
516 2354 598 2416 quae
620 2337 661 2402 ab
685 2354 722 2401 eo
750 2339 800 2401 tot
822 2353 861 2400 ao
883 2334 963 2400 talia
985 2335 1153 2417 habemus,
1182 2341 1220 2401 ut

255 2441 335 2508 nihil
369 2441 455 2508 aliud
490 2442 594 2524 egisse
628 2441 732 2510 videri
766 2442 877 2524 possit.
932 2441 1064 2524 Lipsiae
1092 2443 1218 2523 quidem

254 2548 341 2615 inter
363 2549 479 2614 multos
510 2555 544 2615 et
573 2555 677 2616 statos
703 2551 844 2631 labores,
876 2554 910 2615 et
939 2548 994 2630 qui
1023 2548 1057 2615 in
1081 2549 1217 2616 Scholae

255 2655 489 2722 instauratione
512 2662 607 2723 extra
630 2657 773 2723 ordinem
795 2657 1007 2738 accedebant,
1034 2661 1072 2722 ut
1094 2657 1219 2724 minora

255 2767 391 2844 taceam,
415 2763 478 2829 Rei
501 2764 642 2830 rusticae
665 2765 839 2846 scriptores
855 2763 1003 2845 absolvit,
1028 2769 1062 2829 et
1076 2763 1219 2830 Lexicon

255 2867 452 2935 Fabrianum
475 2875 578 2936 totum
609 2871 725 2937 iterum
751 2871 922 2952 recensuit,
947 2871 1090 2937 correxit
1117 2875 1151 2937 et
1173 2872 1218 2937 lo·

257 2975 442 3058 cupletavit.
495 2977 674 3062 Gottingae
708 2983 825 3060 autem,
861 2983 899 3043 nt
932 2977 1005 3059 sois,
1041 2977 1219 3044 Lucienum

256 3081 408 3148 Latinum
430 3083 508 3150 lecit
528 3089 562 3150 et
577 3085 662 3150 notis
677 3084 844 3166 exquisitis
864 3085 1003 3167 ornavit,
1027 3083 1220 3169 Quintiliani

328 3243 353 3315 *l
375 3242 601 3315 ,Gottingieohe
625 3243 760 3314 gelehrte
780 3243 937 3312 Anzaigen,
960 3244 1049 3298 unter
1072 3243 1126 3298 der
1147 3244 1217 3298 Auf-

257 3333 334 3388 eicht
357 3333 410 3388 der
432 3332 622 3404 konigliehen
646 3331 846 3387 Geeellechalt
869 3332 923 3386 der
946 3331 1217 3389 wissenschaften‘

256 3422 360 3478 titulus
379 3422 534 3492 legitimus
554 3424 609 3477 eet.
