2852 4152
269 510 385 578 iniuria
409 516 556 595 accepta,
585 513 727 596 corporis
756 514 859 598 magis
882 519 919 581 ut
942 517 1109 600 putabam,
1138 537 1234 600 quam

270 619 368 686 anirni
391 623 499 687 morbo
522 621 680 704 incensus
705 623 738 688 in
761 643 832 689 emn
848 624 1006 690 eil'uderat
1024 625 1145 706 aliquid
1159 626 1233 692 bilis

269 727 417 810 vitiosae,
441 728 520 794 nihil
542 749 599 811 pro
624 731 803 796 acerbitate
827 751 866 796 ea
888 732 1038 814 reddidit,
1065 733 1128 798 nisi
1149 735 1230 799 Pro·

269 853 413 916 granuna
430 837 469 902 de
481 835 752 904 ministratoribus
765 839 931 906 criminum
943 837 1230 924 (Bobendrehem)

241 933 243 940 ’
270 961 331 1022 quo
354 943 479 1009 nomine
509 945 550 1009 ab
580 943 633 1008 illo
656 945 838 1026 appellatus
861 950 947 1028 erat,
971 946 1040 1029 ipso
1068 966 1108 1012 ne
1131 949 1231 1014 verbo

269 1050 395 1132 quidem
418 1052 516 1118 laeso.
562 1053 617 1117 Ita
644 1053 705 1117 hoc
728 1071 830 1133 paene
859 1053 931 1118 lusu
957 1072 1010 1119 res
1040 1054 1232 1120 transmissa

269 1165 328 1226 est.
373 1159 634 1244 Quotusquisque
664 1161 706 1226 ad
735 1163 820 1227 hanc
849 1160 1041 1244 sapientium
1064 1167 1098 1226 et
1121 1163 1229 1242 aequi·

267 1273 370 1334 tatem
392 1267 490 1334 animi
512 1287 547 1334 se
570 1268 756 1350 pervenisse
779 1288 856 1336 vere
879 1275 990 1353 potest
1010 1269 1139 1336 dicere?
1163 1271 1229 1337 Sed

186 1401 189 1407 ·
267 1377 368 1442 maius
399 1377 496 1442 etiam
524 1377 601 1442 fecit
627 1377 661 1442 in
688 1377 880 1460 Popevicio,
908 1397 929 1443 a
957 1397 1018 1458 quo
1042 1379 1228 1444 Thesaurus

267 1483 456 1549 Latinitatis
479 1483 551 1566 pari
572 1483 713 1563 inscitia,
745 1488 779 1548 et
806 1483 985 1549 acerbitate
1013 1485 1228 1567 reprehensus

266 1595 337 1656 erat
359 1590 393 1655 in
408 1589 499 1671 libre,
523 1609 616 1670 quem
632 1589 670 1653 dc
686 1589 778 1654 Muri
800 1589 1018 1672 inscripserat.
1054 1590 1115 1659 Vis
1133 1591 1226 1674 seire,

264 1699 308 1764 mi
330 1697 514 1779 Rulmkeni,
540 1717 602 1778 qua
626 1698 664 1762 de
689 1696 809 1764 causa?
844 1699 969 1782 Nempe
992 1697 1027 1765 in
1043 1699 1162 1766 Lexico
1178 1719 1226 1783 ec,

265 1807 349 1888 quod
378 1825 443 1872 nou
471 1804 641 1872 Germanis
672 1805 748 1871 solis
783 1811 841 1871 aut
872 1806 1010 1872 maxime
1039 1807 1226 1890 scripserat,

264 1915 298 1980 in
326 1933 387 1995 quo
415 1933 479 1978 non
501 1913 605 1995 magis
633 1915 765 1980 verbum
789 1913 1016 1980 Germanicum
1044 1933 1115 1980 esse
1137 1915 1225 1982 volu·

264 2028 346 2104 erat,
371 2040 465 2102 quam
489 2020 629 2086 editores
652 2019 804 2086 Britanni
826 2020 1052 2104 Anglicanum,
1080 2026 1138 2088 aut
1153 2021 1225 2088 Ste-

263 2133 387 2214 phanus
410 2129 569 2210 quondam
591 2127 793 2210 Frarrcicum,
817 2127 851 2194 in
875 2147 911 2195 eo
932 2128 1033 2211 igitur
1048 2129 1225 2196 nominibus

263 2239 391 2304 Latinis
425 2238 622 2319 plantarum,
658 2236 857 2318 animalium,
893 2239 1057 2318 arborum,
1096 2237 1225 2304 nomina

262 2366 342 2416 vera
365 2346 600 2414 Germanorum
622 2364 685 2410 non
707 2343 888 2410 addiderat.
924 2346 1081 2426 Magnum
1105 2345 1224 2411 crimen

263 2460 297 2521 et
332 2433 462 2536 dignum
496 2452 569 2518 istis
604 2451 793 2533 tragoediis!
851 2451 898 2516 nt
930 2452 1077 2520 laudavit
1111 2457 1223 2518 contra

263 2561 458 2628 Fabrianum
481 2560 636 2640 Lexicon,
661 2559 744 2640 quod
766 2559 834 2641 ipse
859 2558 1023 2626 Gesnerus
1046 2559 1096 2626 bis
1119 2566 1222 2626 totum

262 2673 470 2736 recensuerat
491 2672 529 2732 ut
551 2665 645 2731 focile
668 2666 781 2731 fuisset
810 2666 917 2732 omnia
942 2666 975 2732 in
998 2686 1114 2734 novum
1137 2668 1221 2733 The-

262 2796 391 2842 saurum
406 2775 563 2843 uocabula
579 2774 775 2841 Germanica
798 2773 987 2856 transferre,
1012 2775 1040 2840 si
1056 2773 1221 2840 consilium

261 2883 398 2951 tulisset.
434 2881 498 2948 Sed
520 2882 573 2947 ille
597 2881 665 2949 sive
688 2881 785 2946 nimio
807 2881 937 2963 linguae
963 2881 1089 2964 patriae
1113 2901 1221 2947 amore

262 2996 295 3057 et
310 2989 426 3072 studim
451 2989 535 3070 quod
551 2987 657 3070 etiam,
676 3007 745 3053 omn
760 2990 867 3070 paullo
882 2993 956 3070 post
971 2989 1091 3055 editum
1105 2989 1221 3054 librum

271 3098 311 3164 ric
334 3101 434 3178 esset,
462 3095 666 3161 mulierculae
697 3093 858 3161 interdum
884 3093 1050 3177 ridebant,
1081 3095 1219 3176 ablatus,

276 3205 327 3273 ive
350 3209 387 3270 ut
410 3209 478 3270 tum
501 3202 587 3268 fama
610 3201 751 3284 serebat,
775 3204 816 3268 ab
840 3201 1113 3267 obtrectatoribus
1137 3202 1218 3268 Ges-

282 3312 329 3378 eri
359 3309 579 3394 Lipsiensibus
609 3309 757 3376 inductus
787 3307 822 3374 in
848 3310 931 3374 hanc
959 3307 1105 3374 fraudem
1136 3313 1217 3374 erat.

288 3418 358 3484 uios
381 3419 485 3484 santae
509 3417 602 3481 tidem
619 3422 686 3482 tum
702 3415 780 3481 mibi
795 3415 902 3481 facere
925 3414 1107 3498 videbatur,
1134 3416 1218 3496 quod

659 3667 818 3719 „43-
