2852 4152
1214 341 1217 350 a

190 347 195 430 l
1213 351 1217 414 l

145 434 169 443 nm
210 435 217 444 ι
264 433 378 444 munuum-m
390 435 400 444 n
411 433 561 444 amon-mmmmm
574 436 620 446 mv-
636 437 641 445 ι
651 435 680 444 Ιιιιι.
693 433 780 444 ..umas-1¹
789 433 847 445 „nmo
868 434 886 444 n·
903 435 906 442 ι
921 435 940 444 ur·
957 435 982 444 »a«
1003 433 1109 444 tuntum-um·
1117 434 1183 444 inu-um»
1194 434 1205 442 w
1239 433 1263 442 nm

222 515 257 581 in
285 514 392 598 eapite
419 515 572 582 librorum
603 515 758 582 lectorum
787 517 923 582 notabat
957 515 1113 598 quaedam
1140 513 1186 580 in·

189 647 190 654 ¹
225 621 330 704 signia
352 621 387 688 in
409 627 578 704 utramque
601 626 736 705 partem.
776 621 857 689 Cum
880 642 914 690 se
930 623 1188 690 adscribendum
1213 645 1219 730 ἰ

225 729 374 812 dederat,
404 730 510 796 mimia
532 729 562 796 ei
585 729 758 797 veniebant
780 729 813 796 in
836 728 988 812 mentem,
1012 727 1187 812 sinefcogi·
1213 731 1220 817 1

191 825 195 833 ’
225 837 318 902 tandi
341 837 554 903 contentione.
600 840 718 919 Itaque
741 857 804 904 non
827 838 881 905 diu
903 838 1104 920 moliebatur,
1132 835 1189 902 sed
1214 823 1220 890 5

225 943 317 1011 brem‘
340 949 484 1028 tempore
508 945 716 1028 profligabat,
744 963 846 1026 paene
874 945 942 1012 sine
972 945 1085 1011 labore
1113 936 1221 1028 ulla,[

190 983 196 1158 i
227 1069 309 1146 quae
325 1051 422 1118 alium
433 1052 529 1120 valde
544 1052 731 1135 fatigarent.
754 1051 835 1118 Oum
850 1051 884 1118 in
898 1052 1015 1119 nodmn
1030 1051 1190 1117 difficilem
1215 1037 1221 1132 {l

188 1159 195 1230 l
226 1158 400 1240 inciderat,
425 1159 517 1226 utin
541 1146 750 1241 ementiundo,
781 1159 1038 1242 interpretando,
1062 1158 1131 1224 fere
1158 1158 1191 1224 in
1214 1138 1221 1229 l

227 1265 330 1348 prima
352 1266 529 1333 intentione
549 1267 668 1350 ingenii
684 1269 881 1350 occurrebat,
906 1267 990 1349 quod
1006 1269 1190 1348 quaereret:
1215 1270 1221 1360 ζ

228 1373 283 1439 ubi
305 1393 357 1439 res
380 1393 443 1440 non
466 1381 677 1457 processerat,
702 1375 799 1441 semel
821 1373 1000 1455 iterumque
1025 1373 1191 1455 tentando,
1216 1370 1220 1398 ³

229 1480 315 1546 ultra
341 1500 405 1548 non
435 1486 620 1563 quaerebat.
670 1483 786 1564 Neque
813 1482 896 1549 enim
922 1482 988 1549 vim
1014 1404 1222 1549 1161611111ῃὶ

230 1606 299 1653 esse
322 1588 464 1670 ingenio:
489 1590 643 1656 elicienda
667 1610 746 1672 esse,
774 1608 838 1656 non
861 1586 1082 1672 exprimenda,
1111 1554 1222 1684 quae}

230 1697 368 1776 probare
391 1697 495 1780 perito
520 1703 553 1763 et
576 1697 717 1780 eleganti
739 1696 837 1763 iutliei
864 1696 960 1764 velis:
992 1713 1074 1777 quae
1101 1682 1222 1760 11111111ἰ

231 1802 388 1870 laboriose
411 1806 557 1886 quaesita
580 1806 654 1888 sint,
678 1805 801 1873 vultum
824 1804 956 1870 nitentis
978 1805 1112 1870 habere:
1143 1800 1194 1867 his

232 1909 310 1992 ipsis
333 1913 454 1995 verbis,
486 1934 544 1996 per
571 1915 674 1980 iocum
696 1915 858 1981 utebatur.
905 1911 1017 1993 Atque
1040 1910 1114 1976 hinc
1140 1909 1196 1975 illa

234 2019 380 2101 omnium,
398 2039 481 2100 quae
496 2021 635 2103 scripsit,
656 2020 813 2086 naturalis
837 2023 871 2085 et
886 2023 984 2102 grata
999 2017 1195 2100 simplicitas,

235 2146 317 2207 quae
341 2147 443 2210 paene
467 2129 554 2211 cogit
577 2131 714 2211 probare
737 2129 869 2195 inventa
892 2127 968 2208 eiua,
994 2131 1028 2192 et
1046 2126 1085 2191 de
1102 2127 1197 2190 rebus

236 2235 379 2300 omnibus
402 2234 589 2300 sententias
637 2235 701 2301 Sed
724 2234 798 2300 huic
820 2239 933 2300 tantae
956 2231 1075 2315 ingenii
1097 2230 1197 2298 felici·

236 2343 299 2408 tati
328 2343 512 2409 adiunctum
544 2333 617 2409 erat
650 2343 818 2424 plurimum
848 2340 1041 2408 urbanitatis
1077 2345 1112 2405 et
1144 2357 1199 2406 ue-

237 2450 385 2531 nustatis,
416 2469 479 2516 non
502 2451 593 2516 modo
616 2450 711 2532 illius,
735 2469 817 2530 quae
840 2449 873 2514 in
902 2453 972 2514 toto
995 2446 1107 2513 habitu
1129 2463 1200 2510 ona·

237 2554 337 2620 tionis
365 2562 399 2621 et
426 2576 532 2622 rerum
562 2558 804 2623 tractandarum
831 2555 923 2621 modo
952 2553 1108 2636 cernitur,
1144 2552 1201 2618 sed

239 2661 337 2728 etiam
361 2663 438 2744 eius,
463 2682 545 2744 quae
568 2663 601 2728 in
624 2662 757 2744 singulis
785 2661 954 2728 sententiis
981 2680 1020 2727 ac
1047 2659 1141 2726 dictis
1164 2677 1199 2724 se

240 2769 373 2851 profert.

308 2879 467 2946 Scientiae
503 2899 604 2963 paene
638 2879 764 2947 infinita
799 2878 890 2961 copia
924 2882 1005 2944 erat.
1059 2873 1203 2943 Orientis

241 2983 366 3066 linguas
401 3006 500 3069 prope
535 3006 642 3053 omnes
677 2987 824 3067 callebat,
864 2983 1072 3064 Hebraicam,
1108 2981 1203 3048 01111-

242 3092 374 3174 daicam,
399 3093 574 3176 Syriacam,
599 3093 844 3174 Sarnaritanam,
866 3091 1050 3171 Arabicam,
1068 3089 1203 3156 Aethio-

241 3200 359 3282 picam:
391 3202 572 3268 Hebraieas
594 3202 706 3267 literas
728 3202 776 3267 ita
803 3201 988 3280 exellenter,
1019 3204 1057 3265 ut
1079 3202 1204 3262 certare

244 3308 283 3373 de
299 3309 482 3392 principatu
497 3330 567 3378 cum
578 3311 773 3394 principibus
785 3329 895 3375 earum
906 3308 1072 3374 literanum
1084 3312 1204 3389 posset.

243 3415 368 3485 Audivi
391 3436 479 3501 eum,
504 3437 574 3484 eum
597 3417 734 3501 diceret,
758 3435 793 3483 se
816 3414 934 3482 Danzii
964 3414 1003 3480 de
1030 3414 1080 3480 his
1103 3412 1206 3479 literis

580 3546 836 3558 *nmmum-n

644 3669 803 3721 ..29-
